%YAML 1.1
%TAG !u! tag:unity3d.com,2011:
--- !u!1001 &100100000
Prefab:
  m_ObjectHideFlags: 1
  serializedVersion: 2
  m_Modification:
    m_TransformParent: {fileID: 0}
    m_Modifications: []
    m_RemovedComponents: []
  m_ParentPrefab: {fileID: 0}
  m_RootGameObject: {fileID: 1131143838372408}
  m_IsPrefabParent: 1
--- !u!1 &1002480011466456
GameObject:
  m_ObjectHideFlags: 1
  m_PrefabParentObject: {fileID: 0}
  m_PrefabInternal: {fileID: 100100000}
  serializedVersion: 5
  m_Component:
  - component: {fileID: 4639896688944338}
  m_Layer: 0
  m_Name: mixamorig_RightHandIndex2
  m_TagString: Untagged
  m_Icon: {fileID: 0}
  m_NavMeshLayer: 0
  m_StaticEditorFlags: 0
  m_IsActive: 1
--- !u!1 &1004297131230826
GameObject:
  m_ObjectHideFlags: 1
  m_PrefabParentObject: {fileID: 0}
  m_PrefabInternal: {fileID: 100100000}
  serializedVersion: 5
  m_Component:
  - component: {fileID: 4337613528555076}
  m_Layer: 0
  m_Name: mixamorig_Head
  m_TagString: Untagged
  m_Icon: {fileID: 0}
  m_NavMeshLayer: 0
  m_StaticEditorFlags: 0
  m_IsActive: 1
--- !u!1 &1007834498292816
GameObject:
  m_ObjectHideFlags: 1
  m_PrefabParentObject: {fileID: 0}
  m_PrefabInternal: {fileID: 100100000}
  serializedVersion: 5
  m_Component:
  - component: {fileID: 4812892727052366}
  m_Layer: 0
  m_Name: mixamorig_LeftToeBase
  m_TagString: Untagged
  m_Icon: {fileID: 0}
  m_NavMeshLayer: 0
  m_StaticEditorFlags: 0
  m_IsActive: 1
--- !u!1 &1011122506878444
GameObject:
  m_ObjectHideFlags: 0
  m_PrefabParentObject: {fileID: 0}
  m_PrefabInternal: {fileID: 100100000}
  serializedVersion: 5
  m_Component:
  - component: {fileID: 4874088696441206}
  m_Layer: 0
  m_Name: Armature
  m_TagString: Untagged
  m_Icon: {fileID: 0}
  m_NavMeshLayer: 0
  m_StaticEditorFlags: 0
  m_IsActive: 1
--- !u!1 &1054615185771088
GameObject:
  m_ObjectHideFlags: 1
  m_PrefabParentObject: {fileID: 0}
  m_PrefabInternal: {fileID: 100100000}
  serializedVersion: 5
  m_Component:
  - component: {fileID: 4191232123747850}
  m_Layer: 0
  m_Name: mixamorig_LeftHandThumb2
  m_TagString: Untagged
  m_Icon: {fileID: 0}
  m_NavMeshLayer: 0
  m_StaticEditorFlags: 0
  m_IsActive: 1
--- !u!1 &1076917663692460
GameObject:
  m_ObjectHideFlags: 1
  m_PrefabParentObject: {fileID: 0}
  m_PrefabInternal: {fileID: 100100000}
  serializedVersion: 5
  m_Component:
  - component: {fileID: 4748910740612600}
  m_Layer: 0
  m_Name: mixamorig_RightHandThumb3
  m_TagString: Untagged
  m_Icon: {fileID: 0}
  m_NavMeshLayer: 0
  m_StaticEditorFlags: 0
  m_IsActive: 1
--- !u!1 &1081147003131490
GameObject:
  m_ObjectHideFlags: 1
  m_PrefabParentObject: {fileID: 0}
  m_PrefabInternal: {fileID: 100100000}
  serializedVersion: 5
  m_Component:
  - component: {fileID: 4615708524253414}
  m_Layer: 0
  m_Name: mixamorig_LeftHandIndex4
  m_TagString: Untagged
  m_Icon: {fileID: 0}
  m_NavMeshLayer: 0
  m_StaticEditorFlags: 0
  m_IsActive: 1
--- !u!1 &1081782555143542
GameObject:
  m_ObjectHideFlags: 1
  m_PrefabParentObject: {fileID: 0}
  m_PrefabInternal: {fileID: 100100000}
  serializedVersion: 5
  m_Component:
  - component: {fileID: 4673537643942472}
  m_Layer: 0
  m_Name: mixamorig_LeftHandMiddle2
  m_TagString: Untagged
  m_Icon: {fileID: 0}
  m_NavMeshLayer: 0
  m_StaticEditorFlags: 0
  m_IsActive: 1
--- !u!1 &1113747106339052
GameObject:
  m_ObjectHideFlags: 1
  m_PrefabParentObject: {fileID: 0}
  m_PrefabInternal: {fileID: 100100000}
  serializedVersion: 5
  m_Component:
  - component: {fileID: 4373374322249528}
  m_Layer: 0
  m_Name: mixamorig_HeadTop_End
  m_TagString: Untagged
  m_Icon: {fileID: 0}
  m_NavMeshLayer: 0
  m_StaticEditorFlags: 0
  m_IsActive: 1
--- !u!1 &1130755623441936
GameObject:
  m_ObjectHideFlags: 1
  m_PrefabParentObject: {fileID: 0}
  m_PrefabInternal: {fileID: 100100000}
  serializedVersion: 5
  m_Component:
  - component: {fileID: 4945245741681480}
  m_Layer: 0
  m_Name: mixamorig_RightLeg
  m_TagString: Untagged
  m_Icon: {fileID: 0}
  m_NavMeshLayer: 0
  m_StaticEditorFlags: 0
  m_IsActive: 1
--- !u!1 &1131143838372408
GameObject:
  m_ObjectHideFlags: 0
  m_PrefabParentObject: {fileID: 0}
  m_PrefabInternal: {fileID: 100100000}
  serializedVersion: 5
  m_Component:
  - component: {fileID: 4108282486816330}
  - component: {fileID: 95739853449098046}
  - component: {fileID: 114162073277572528}
  - component: {fileID: 114817436708200700}
  m_Layer: 0
  m_Name: Fireman
  m_TagString: Untagged
  m_Icon: {fileID: 0}
  m_NavMeshLayer: 0
  m_StaticEditorFlags: 0
  m_IsActive: 0
--- !u!1 &1145712420039916
GameObject:
  m_ObjectHideFlags: 1
  m_PrefabParentObject: {fileID: 0}
  m_PrefabInternal: {fileID: 100100000}
  serializedVersion: 5
  m_Component:
  - component: {fileID: 4482096090352346}
  m_Layer: 0
  m_Name: mixamorig_LeftHandThumb1
  m_TagString: Untagged
  m_Icon: {fileID: 0}
  m_NavMeshLayer: 0
  m_StaticEditorFlags: 0
  m_IsActive: 1
--- !u!1 &1147536697828798
GameObject:
  m_ObjectHideFlags: 1
  m_PrefabParentObject: {fileID: 0}
  m_PrefabInternal: {fileID: 100100000}
  serializedVersion: 5
  m_Component:
  - component: {fileID: 4917691988071564}
  m_Layer: 0
  m_Name: mixamorig_RightForeArm
  m_TagString: Untagged
  m_Icon: {fileID: 0}
  m_NavMeshLayer: 0
  m_StaticEditorFlags: 0
  m_IsActive: 1
--- !u!1 &1150081907174158
GameObject:
  m_ObjectHideFlags: 1
  m_PrefabParentObject: {fileID: 0}
  m_PrefabInternal: {fileID: 100100000}
  serializedVersion: 5
  m_Component:
  - component: {fileID: 4419873334968726}
  m_Layer: 0
  m_Name: mixamorig_RightHandRing4
  m_TagString: Untagged
  m_Icon: {fileID: 0}
  m_NavMeshLayer: 0
  m_StaticEditorFlags: 0
  m_IsActive: 1
--- !u!1 &1184410842181154
GameObject:
  m_ObjectHideFlags: 1
  m_PrefabParentObject: {fileID: 0}
  m_PrefabInternal: {fileID: 100100000}
  serializedVersion: 5
  m_Component:
  - component: {fileID: 4627401321134746}
  m_Layer: 0
  m_Name: mixamorig_Spine2
  m_TagString: Untagged
  m_Icon: {fileID: 0}
  m_NavMeshLayer: 0
  m_StaticEditorFlags: 0
  m_IsActive: 1
--- !u!1 &1192527805023516
GameObject:
  m_ObjectHideFlags: 1
  m_PrefabParentObject: {fileID: 0}
  m_PrefabInternal: {fileID: 100100000}
  serializedVersion: 5
  m_Component:
  - component: {fileID: 4615509436408180}
  m_Layer: 0
  m_Name: mixamorig_LeftHandMiddle1
  m_TagString: Untagged
  m_Icon: {fileID: 0}
  m_NavMeshLayer: 0
  m_StaticEditorFlags: 0
  m_IsActive: 1
--- !u!1 &1194571699225776
GameObject:
  m_ObjectHideFlags: 1
  m_PrefabParentObject: {fileID: 0}
  m_PrefabInternal: {fileID: 100100000}
  serializedVersion: 5
  m_Component:
  - component: {fileID: 4546825025630446}
  m_Layer: 0
  m_Name: mixamorig_RightArm
  m_TagString: Untagged
  m_Icon: {fileID: 0}
  m_NavMeshLayer: 0
  m_StaticEditorFlags: 0
  m_IsActive: 1
--- !u!1 &1197014161872792
GameObject:
  m_ObjectHideFlags: 1
  m_PrefabParentObject: {fileID: 0}
  m_PrefabInternal: {fileID: 100100000}
  serializedVersion: 5
  m_Component:
  - component: {fileID: 4859395108530866}
  m_Layer: 0
  m_Name: mixamorig_LeftHandThumb3
  m_TagString: Untagged
  m_Icon: {fileID: 0}
  m_NavMeshLayer: 0
  m_StaticEditorFlags: 0
  m_IsActive: 1
--- !u!1 &1226556589978376
GameObject:
  m_ObjectHideFlags: 1
  m_PrefabParentObject: {fileID: 0}
  m_PrefabInternal: {fileID: 100100000}
  serializedVersion: 5
  m_Component:
  - component: {fileID: 4892031459233542}
  m_Layer: 0
  m_Name: mixamorig_Neck
  m_TagString: Untagged
  m_Icon: {fileID: 0}
  m_NavMeshLayer: 0
  m_StaticEditorFlags: 0
  m_IsActive: 1
--- !u!1 &1272611317751256
GameObject:
  m_ObjectHideFlags: 0
  m_PrefabParentObject: {fileID: 0}
  m_PrefabInternal: {fileID: 100100000}
  serializedVersion: 5
  m_Component:
  - component: {fileID: 4987209232389096}
  - component: {fileID: 137796121056907134}
  m_Layer: 0
  m_Name: fireman
  m_TagString: Untagged
  m_Icon: {fileID: 0}
  m_NavMeshLayer: 0
  m_StaticEditorFlags: 0
  m_IsActive: 1
--- !u!1 &1280211631704354
GameObject:
  m_ObjectHideFlags: 1
  m_PrefabParentObject: {fileID: 0}
  m_PrefabInternal: {fileID: 100100000}
  serializedVersion: 5
  m_Component:
  - component: {fileID: 4307544476222140}
  m_Layer: 0
  m_Name: mixamorig_RightUpLeg
  m_TagString: Untagged
  m_Icon: {fileID: 0}
  m_NavMeshLayer: 0
  m_StaticEditorFlags: 0
  m_IsActive: 1
--- !u!1 &1295599382337310
GameObject:
  m_ObjectHideFlags: 1
  m_PrefabParentObject: {fileID: 0}
  m_PrefabInternal: {fileID: 100100000}
  serializedVersion: 5
  m_Component:
  - component: {fileID: 224059020303225288}
  - component: {fileID: 222283179280546884}
  - component: {fileID: 114970052796027588}
  m_Layer: 12
  m_Name: Background
  m_TagString: Untagged
  m_Icon: {fileID: 0}
  m_NavMeshLayer: 0
  m_StaticEditorFlags: 0
  m_IsActive: 1
--- !u!1 &1295619650126922
GameObject:
  m_ObjectHideFlags: 1
  m_PrefabParentObject: {fileID: 0}
  m_PrefabInternal: {fileID: 100100000}
  serializedVersion: 5
  m_Component:
  - component: {fileID: 4638279682340704}
  m_Layer: 0
  m_Name: mixamorig_LeftFoot
  m_TagString: Untagged
  m_Icon: {fileID: 0}
  m_NavMeshLayer: 0
  m_StaticEditorFlags: 0
  m_IsActive: 1
--- !u!1 &1320649019434138
GameObject:
  m_ObjectHideFlags: 1
  m_PrefabParentObject: {fileID: 0}
  m_PrefabInternal: {fileID: 100100000}
  serializedVersion: 5
  m_Component:
  - component: {fileID: 4256176376943262}
  m_Layer: 0
  m_Name: mixamorig_LeftToe_End
  m_TagString: Untagged
  m_Icon: {fileID: 0}
  m_NavMeshLayer: 0
  m_StaticEditorFlags: 0
  m_IsActive: 1
--- !u!1 &1326629933247278
GameObject:
  m_ObjectHideFlags: 1
  m_PrefabParentObject: {fileID: 0}
  m_PrefabInternal: {fileID: 100100000}
  serializedVersion: 5
  m_Component:
  - component: {fileID: 4890369902797982}
  m_Layer: 0
  m_Name: mixamorig_LeftHandRing3
  m_TagString: Untagged
  m_Icon: {fileID: 0}
  m_NavMeshLayer: 0
  m_StaticEditorFlags: 0
  m_IsActive: 1
--- !u!1 &1343872796454206
GameObject:
  m_ObjectHideFlags: 1
  m_PrefabParentObject: {fileID: 0}
  m_PrefabInternal: {fileID: 100100000}
  serializedVersion: 5
  m_Component:
  - component: {fileID: 4782585858881530}
  m_Layer: 0
  m_Name: mixamorig_RightToeBase
  m_TagString: Untagged
  m_Icon: {fileID: 0}
  m_NavMeshLayer: 0
  m_StaticEditorFlags: 0
  m_IsActive: 1
--- !u!1 &1362212144213756
GameObject:
  m_ObjectHideFlags: 1
  m_PrefabParentObject: {fileID: 0}
  m_PrefabInternal: {fileID: 100100000}
  serializedVersion: 5
  m_Component:
  - component: {fileID: 4478350840338286}
  m_Layer: 0
  m_Name: mixamorig_LeftHandRing2
  m_TagString: Untagged
  m_Icon: {fileID: 0}
  m_NavMeshLayer: 0
  m_StaticEditorFlags: 0
  m_IsActive: 1
--- !u!1 &1365262238221108
GameObject:
  m_ObjectHideFlags: 1
  m_PrefabParentObject: {fileID: 0}
  m_PrefabInternal: {fileID: 100100000}
  serializedVersion: 5
  m_Component:
  - component: {fileID: 4493429743491832}
  m_Layer: 0
  m_Name: mixamorig_RightFoot
  m_TagString: Untagged
  m_Icon: {fileID: 0}
  m_NavMeshLayer: 0
  m_StaticEditorFlags: 0
  m_IsActive: 1
--- !u!1 &1382871831389902
GameObject:
  m_ObjectHideFlags: 1
  m_PrefabParentObject: {fileID: 0}
  m_PrefabInternal: {fileID: 100100000}
  serializedVersion: 5
  m_Component:
  - component: {fileID: 4871953064576786}
  m_Layer: 0
  m_Name: mixamorig_RightHandThumb1
  m_TagString: Untagged
  m_Icon: {fileID: 0}
  m_NavMeshLayer: 0
  m_StaticEditorFlags: 0
  m_IsActive: 1
--- !u!1 &1394023300383760
GameObject:
  m_ObjectHideFlags: 1
  m_PrefabParentObject: {fileID: 0}
  m_PrefabInternal: {fileID: 100100000}
  serializedVersion: 5
  m_Component:
  - component: {fileID: 4395316559730004}
  m_Layer: 0
  m_Name: mixamorig_RightHandMiddle4
  m_TagString: Untagged
  m_Icon: {fileID: 0}
  m_NavMeshLayer: 0
  m_StaticEditorFlags: 0
  m_IsActive: 1
--- !u!1 &1430753055415538
GameObject:
  m_ObjectHideFlags: 1
  m_PrefabParentObject: {fileID: 0}
  m_PrefabInternal: {fileID: 100100000}
  serializedVersion: 5
  m_Component:
  - component: {fileID: 4064206461571616}
  m_Layer: 0
  m_Name: mixamorig_RightHand
  m_TagString: Untagged
  m_Icon: {fileID: 0}
  m_NavMeshLayer: 0
  m_StaticEditorFlags: 0
  m_IsActive: 1
--- !u!1 &1435736822404644
GameObject:
  m_ObjectHideFlags: 1
  m_PrefabParentObject: {fileID: 0}
  m_PrefabInternal: {fileID: 100100000}
  serializedVersion: 5
  m_Component:
  - component: {fileID: 4797720506334176}
  m_Layer: 0
  m_Name: mixamorig_LeftUpLeg
  m_TagString: Untagged
  m_Icon: {fileID: 0}
  m_NavMeshLayer: 0
  m_StaticEditorFlags: 0
  m_IsActive: 1
--- !u!1 &1438344797774438
GameObject:
  m_ObjectHideFlags: 1
  m_PrefabParentObject: {fileID: 0}
  m_PrefabInternal: {fileID: 100100000}
  serializedVersion: 5
  m_Component:
  - component: {fileID: 4085782718997798}
  m_Layer: 0
  m_Name: mixamorig_RightHandRing1
  m_TagString: Untagged
  m_Icon: {fileID: 0}
  m_NavMeshLayer: 0
  m_StaticEditorFlags: 0
  m_IsActive: 1
--- !u!1 &1498545480973124
GameObject:
  m_ObjectHideFlags: 1
  m_PrefabParentObject: {fileID: 0}
  m_PrefabInternal: {fileID: 100100000}
  serializedVersion: 5
  m_Component:
  - component: {fileID: 4789197189589960}
  m_Layer: 0
  m_Name: mixamorig_LeftArm
  m_TagString: Untagged
  m_Icon: {fileID: 0}
  m_NavMeshLayer: 0
  m_StaticEditorFlags: 0
  m_IsActive: 1
--- !u!1 &1503216678346894
GameObject:
  m_ObjectHideFlags: 0
  m_PrefabParentObject: {fileID: 0}
  m_PrefabInternal: {fileID: 100100000}
  serializedVersion: 5
  m_Component:
  - component: {fileID: 224522744517670340}
  - component: {fileID: 223143067062846154}
  - component: {fileID: 114115738980782466}
  - component: {fileID: 114970382684544430}
  - component: {fileID: 114163033792476980}
  m_Layer: 12
  m_Name: Healthbar Canvas
  m_TagString: Untagged
  m_Icon: {fileID: 0}
  m_NavMeshLayer: 0
  m_StaticEditorFlags: 0
  m_IsActive: 1
--- !u!1 &1513562410745902
GameObject:
  m_ObjectHideFlags: 1
  m_PrefabParentObject: {fileID: 0}
  m_PrefabInternal: {fileID: 100100000}
  serializedVersion: 5
  m_Component:
  - component: {fileID: 4369411295932206}
  m_Layer: 0
  m_Name: mixamorig_LeftHandRing4
  m_TagString: Untagged
  m_Icon: {fileID: 0}
  m_NavMeshLayer: 0
  m_StaticEditorFlags: 0
  m_IsActive: 1
--- !u!1 &1522840856543898
GameObject:
  m_ObjectHideFlags: 1
  m_PrefabParentObject: {fileID: 0}
  m_PrefabInternal: {fileID: 100100000}
  serializedVersion: 5
  m_Component:
  - component: {fileID: 4145611663659826}
  m_Layer: 0
  m_Name: mixamorig_RightHandRing2
  m_TagString: Untagged
  m_Icon: {fileID: 0}
  m_NavMeshLayer: 0
  m_StaticEditorFlags: 0
  m_IsActive: 1
--- !u!1 &1528048650985370
GameObject:
  m_ObjectHideFlags: 1
  m_PrefabParentObject: {fileID: 0}
  m_PrefabInternal: {fileID: 100100000}
  serializedVersion: 5
  m_Component:
  - component: {fileID: 4462815866079174}
  m_Layer: 0
  m_Name: mixamorig_RightHandThumb4
  m_TagString: Untagged
  m_Icon: {fileID: 0}
  m_NavMeshLayer: 0
  m_StaticEditorFlags: 0
  m_IsActive: 1
--- !u!1 &1549817450928288
GameObject:
  m_ObjectHideFlags: 1
  m_PrefabParentObject: {fileID: 0}
  m_PrefabInternal: {fileID: 100100000}
  serializedVersion: 5
  m_Component:
  - component: {fileID: 4861333391112112}
  m_Layer: 0
  m_Name: mixamorig_RightHandIndex1
  m_TagString: Untagged
  m_Icon: {fileID: 0}
  m_NavMeshLayer: 0
  m_StaticEditorFlags: 0
  m_IsActive: 1
--- !u!1 &1550691680655240
GameObject:
  m_ObjectHideFlags: 1
  m_PrefabParentObject: {fileID: 0}
  m_PrefabInternal: {fileID: 100100000}
  serializedVersion: 5
  m_Component:
  - component: {fileID: 4635627971136838}
  m_Layer: 0
  m_Name: mixamorig_Hips
  m_TagString: Untagged
  m_Icon: {fileID: 0}
  m_NavMeshLayer: 0
  m_StaticEditorFlags: 0
  m_IsActive: 1
--- !u!1 &1564860225906602
GameObject:
  m_ObjectHideFlags: 1
  m_PrefabParentObject: {fileID: 0}
  m_PrefabInternal: {fileID: 100100000}
  serializedVersion: 5
  m_Component:
  - component: {fileID: 4600586225936118}
  m_Layer: 0
  m_Name: mixamorig_RightShoulder
  m_TagString: Untagged
  m_Icon: {fileID: 0}
  m_NavMeshLayer: 0
  m_StaticEditorFlags: 0
  m_IsActive: 1
--- !u!1 &1566157728962618
GameObject:
  m_ObjectHideFlags: 1
  m_PrefabParentObject: {fileID: 0}
  m_PrefabInternal: {fileID: 100100000}
  serializedVersion: 5
  m_Component:
  - component: {fileID: 4811090698718978}
  m_Layer: 0
  m_Name: mixamorig_LeftHandThumb4
  m_TagString: Untagged
  m_Icon: {fileID: 0}
  m_NavMeshLayer: 0
  m_StaticEditorFlags: 0
  m_IsActive: 1
--- !u!1 &1570852688610538
GameObject:
  m_ObjectHideFlags: 1
  m_PrefabParentObject: {fileID: 0}
  m_PrefabInternal: {fileID: 100100000}
  serializedVersion: 5
  m_Component:
  - component: {fileID: 4383747081283108}
  m_Layer: 0
  m_Name: mixamorig_RightHandIndex4
  m_TagString: Untagged
  m_Icon: {fileID: 0}
  m_NavMeshLayer: 0
  m_StaticEditorFlags: 0
  m_IsActive: 1
--- !u!1 &1611977468181312
GameObject:
  m_ObjectHideFlags: 1
  m_PrefabParentObject: {fileID: 0}
  m_PrefabInternal: {fileID: 100100000}
  serializedVersion: 5
  m_Component:
  - component: {fileID: 4684181730356200}
  m_Layer: 0
  m_Name: mixamorig_RightHandMiddle3
  m_TagString: Untagged
  m_Icon: {fileID: 0}
  m_NavMeshLayer: 0
  m_StaticEditorFlags: 0
  m_IsActive: 1
--- !u!1 &1623143142943874
GameObject:
  m_ObjectHideFlags: 1
  m_PrefabParentObject: {fileID: 0}
  m_PrefabInternal: {fileID: 100100000}
  serializedVersion: 5
  m_Component:
  - component: {fileID: 4369665598014096}
  m_Layer: 0
  m_Name: mixamorig_RightHandRing3
  m_TagString: Untagged
  m_Icon: {fileID: 0}
  m_NavMeshLayer: 0
  m_StaticEditorFlags: 0
  m_IsActive: 1
--- !u!1 &1661279464941470
GameObject:
  m_ObjectHideFlags: 1
  m_PrefabParentObject: {fileID: 0}
  m_PrefabInternal: {fileID: 100100000}
  serializedVersion: 5
  m_Component:
  - component: {fileID: 4225034115443772}
  m_Layer: 0
  m_Name: mixamorig_RightToe_End
  m_TagString: Untagged
  m_Icon: {fileID: 0}
  m_NavMeshLayer: 0
  m_StaticEditorFlags: 0
  m_IsActive: 1
--- !u!1 &1664388363676064
GameObject:
  m_ObjectHideFlags: 1
  m_PrefabParentObject: {fileID: 0}
  m_PrefabInternal: {fileID: 100100000}
  serializedVersion: 5
  m_Component:
  - component: {fileID: 224818392799999696}
  - component: {fileID: 222711679572248690}
  - component: {fileID: 114366952646638486}
  m_Layer: 12
  m_Name: Foreground
  m_TagString: Untagged
  m_Icon: {fileID: 0}
  m_NavMeshLayer: 0
  m_StaticEditorFlags: 0
  m_IsActive: 1
--- !u!1 &1700481378347434
GameObject:
  m_ObjectHideFlags: 1
  m_PrefabParentObject: {fileID: 0}
  m_PrefabInternal: {fileID: 100100000}
  serializedVersion: 5
  m_Component:
  - component: {fileID: 4752669759779574}
  m_Layer: 0
  m_Name: mixamorig_RightHandThumb2
  m_TagString: Untagged
  m_Icon: {fileID: 0}
  m_NavMeshLayer: 0
  m_StaticEditorFlags: 0
  m_IsActive: 1
--- !u!1 &1768155518295522
GameObject:
  m_ObjectHideFlags: 1
  m_PrefabParentObject: {fileID: 0}
  m_PrefabInternal: {fileID: 100100000}
  serializedVersion: 5
  m_Component:
  - component: {fileID: 4781457520658580}
  m_Layer: 0
  m_Name: mixamorig_LeftHandRing1
  m_TagString: Untagged
  m_Icon: {fileID: 0}
  m_NavMeshLayer: 0
  m_StaticEditorFlags: 0
  m_IsActive: 1
--- !u!1 &1769078315787700
GameObject:
  m_ObjectHideFlags: 1
  m_PrefabParentObject: {fileID: 0}
  m_PrefabInternal: {fileID: 100100000}
  serializedVersion: 5
  m_Component:
  - component: {fileID: 4067193029496184}
  m_Layer: 0
  m_Name: mixamorig_Spine
  m_TagString: Untagged
  m_Icon: {fileID: 0}
  m_NavMeshLayer: 0
  m_StaticEditorFlags: 0
  m_IsActive: 1
--- !u!1 &1783726884070644
GameObject:
  m_ObjectHideFlags: 1
  m_PrefabParentObject: {fileID: 0}
  m_PrefabInternal: {fileID: 100100000}
  serializedVersion: 5
  m_Component:
  - component: {fileID: 4888028979882116}
  m_Layer: 0
  m_Name: mixamorig_LeftHandIndex3
  m_TagString: Untagged
  m_Icon: {fileID: 0}
  m_NavMeshLayer: 0
  m_StaticEditorFlags: 0
  m_IsActive: 1
--- !u!1 &1802342983743610
GameObject:
  m_ObjectHideFlags: 1
  m_PrefabParentObject: {fileID: 0}
  m_PrefabInternal: {fileID: 100100000}
  serializedVersion: 5
  m_Component:
  - component: {fileID: 4334908658115164}
  m_Layer: 0
  m_Name: mixamorig_RightHandMiddle2
  m_TagString: Untagged
  m_Icon: {fileID: 0}
  m_NavMeshLayer: 0
  m_StaticEditorFlags: 0
  m_IsActive: 1
--- !u!1 &1822403432039982
GameObject:
  m_ObjectHideFlags: 1
  m_PrefabParentObject: {fileID: 0}
  m_PrefabInternal: {fileID: 100100000}
  serializedVersion: 5
  m_Component:
  - component: {fileID: 4014919192110202}
  m_Layer: 0
  m_Name: mixamorig_LeftHandIndex2
  m_TagString: Untagged
  m_Icon: {fileID: 0}
  m_NavMeshLayer: 0
  m_StaticEditorFlags: 0
  m_IsActive: 1
--- !u!1 &1834636500836996
GameObject:
  m_ObjectHideFlags: 1
  m_PrefabParentObject: {fileID: 0}
  m_PrefabInternal: {fileID: 100100000}
  serializedVersion: 5
  m_Component:
  - component: {fileID: 4870433828426206}
  m_Layer: 0
  m_Name: mixamorig_LeftForeArm
  m_TagString: Untagged
  m_Icon: {fileID: 0}
  m_NavMeshLayer: 0
  m_StaticEditorFlags: 0
  m_IsActive: 1
--- !u!1 &1836163032625652
GameObject:
  m_ObjectHideFlags: 1
  m_PrefabParentObject: {fileID: 0}
  m_PrefabInternal: {fileID: 100100000}
  serializedVersion: 5
  m_Component:
  - component: {fileID: 4958715610517700}
  m_Layer: 0
  m_Name: mixamorig_LeftHandMiddle4
  m_TagString: Untagged
  m_Icon: {fileID: 0}
  m_NavMeshLayer: 0
  m_StaticEditorFlags: 0
  m_IsActive: 1
--- !u!1 &1880509917763492
GameObject:
  m_ObjectHideFlags: 1
  m_PrefabParentObject: {fileID: 0}
  m_PrefabInternal: {fileID: 100100000}
  serializedVersion: 5
  m_Component:
  - component: {fileID: 4378865799440338}
  m_Layer: 0
  m_Name: mixamorig_LeftHand
  m_TagString: Untagged
  m_Icon: {fileID: 0}
  m_NavMeshLayer: 0
  m_StaticEditorFlags: 0
  m_IsActive: 1
--- !u!1 &1891543913250140
GameObject:
  m_ObjectHideFlags: 1
  m_PrefabParentObject: {fileID: 0}
  m_PrefabInternal: {fileID: 100100000}
  serializedVersion: 5
  m_Component:
  - component: {fileID: 4433886682878366}
  m_Layer: 0
  m_Name: mixamorig_LeftHandMiddle3
  m_TagString: Untagged
  m_Icon: {fileID: 0}
  m_NavMeshLayer: 0
  m_StaticEditorFlags: 0
  m_IsActive: 1
--- !u!1 &1908273961203158
GameObject:
  m_ObjectHideFlags: 1
  m_PrefabParentObject: {fileID: 0}
  m_PrefabInternal: {fileID: 100100000}
  serializedVersion: 5
  m_Component:
  - component: {fileID: 4734258461390836}
  m_Layer: 0
  m_Name: mixamorig_RightHandIndex3
  m_TagString: Untagged
  m_Icon: {fileID: 0}
  m_NavMeshLayer: 0
  m_StaticEditorFlags: 0
  m_IsActive: 1
--- !u!1 &1917106294141190
GameObject:
  m_ObjectHideFlags: 1
  m_PrefabParentObject: {fileID: 0}
  m_PrefabInternal: {fileID: 100100000}
  serializedVersion: 5
  m_Component:
  - component: {fileID: 4975353458595464}
  m_Layer: 0
  m_Name: mixamorig_LeftHandIndex1
  m_TagString: Untagged
  m_Icon: {fileID: 0}
  m_NavMeshLayer: 0
  m_StaticEditorFlags: 0
  m_IsActive: 1
--- !u!1 &1921514174876374
GameObject:
  m_ObjectHideFlags: 1
  m_PrefabParentObject: {fileID: 0}
  m_PrefabInternal: {fileID: 100100000}
  serializedVersion: 5
  m_Component:
  - component: {fileID: 4707580508095958}
  m_Layer: 0
  m_Name: mixamorig_LeftLeg
  m_TagString: Untagged
  m_Icon: {fileID: 0}
  m_NavMeshLayer: 0
  m_StaticEditorFlags: 0
  m_IsActive: 1
--- !u!1 &1928552294700534
GameObject:
  m_ObjectHideFlags: 1
  m_PrefabParentObject: {fileID: 0}
  m_PrefabInternal: {fileID: 100100000}
  serializedVersion: 5
  m_Component:
  - component: {fileID: 4895339790761098}
  m_Layer: 0
  m_Name: mixamorig_RightHandMiddle1
  m_TagString: Untagged
  m_Icon: {fileID: 0}
  m_NavMeshLayer: 0
  m_StaticEditorFlags: 0
  m_IsActive: 1
--- !u!1 &1995332016710950
GameObject:
  m_ObjectHideFlags: 1
  m_PrefabParentObject: {fileID: 0}
  m_PrefabInternal: {fileID: 100100000}
  serializedVersion: 5
  m_Component:
  - component: {fileID: 4350117631517766}
  m_Layer: 0
  m_Name: mixamorig_Spine1
  m_TagString: Untagged
  m_Icon: {fileID: 0}
  m_NavMeshLayer: 0
  m_StaticEditorFlags: 0
  m_IsActive: 1
--- !u!1 &1997786308643834
GameObject:
  m_ObjectHideFlags: 1
  m_PrefabParentObject: {fileID: 0}
  m_PrefabInternal: {fileID: 100100000}
  serializedVersion: 5
  m_Component:
  - component: {fileID: 4359548968210172}
  m_Layer: 0
  m_Name: mixamorig_LeftShoulder
  m_TagString: Untagged
  m_Icon: {fileID: 0}
  m_NavMeshLayer: 0
  m_StaticEditorFlags: 0
  m_IsActive: 1
--- !u!4 &4014919192110202
Transform:
  m_ObjectHideFlags: 1
  m_PrefabParentObject: {fileID: 0}
  m_PrefabInternal: {fileID: 100100000}
  m_GameObject: {fileID: 1822403432039982}
  m_LocalRotation: {x: -0.000021525562, y: 0.00000028825997, z: -0.001765891, w: 0.99999845}
  m_LocalPosition: {x: -0.023154084, y: 0.000029384611, z: -0.00000085780994}
  m_LocalScale: {x: 0.9999998, y: 1, z: 0.99999994}
  m_Children:
  - {fileID: 4888028979882116}
  m_Father: {fileID: 4975353458595464}
  m_RootOrder: 0
  m_LocalEulerAnglesHint: {x: 0, y: 0, z: 0}
--- !u!4 &4064206461571616
Transform:
  m_ObjectHideFlags: 1
  m_PrefabParentObject: {fileID: 0}
  m_PrefabInternal: {fileID: 100100000}
  m_GameObject: {fileID: 1430753055415538}
  m_LocalRotation: {x: -0.07003912, y: -0.0012497739, z: -0.0018011101, w: 0.99754184}
  m_LocalPosition: {x: -0.33045766, y: 0.00000016868468, z: 0.0000005100421}
  m_LocalScale: {x: 0.9999998, y: 0.99999994, z: 1.0000001}
  m_Children:
  - {fileID: 4861333391112112}
  - {fileID: 4895339790761098}
  - {fileID: 4085782718997798}
  - {fileID: 4871953064576786}
  m_Father: {fileID: 4917691988071564}
  m_RootOrder: 0
  m_LocalEulerAnglesHint: {x: 0, y: 0, z: 0}
--- !u!4 &4067193029496184
Transform:
  m_ObjectHideFlags: 1
  m_PrefabParentObject: {fileID: 0}
  m_PrefabInternal: {fileID: 100100000}
  m_GameObject: {fileID: 1769078315787700}
  m_LocalRotation: {x: -0.000031395437, y: -0.060574945, z: -0.00033594551, w: 0.9981636}
  m_LocalPosition: {x: -0.099200055, y: 0.000000005625933, z: -0.012081055}
  m_LocalScale: {x: 0.9999999, y: 0.9999999, z: 0.99999994}
  m_Children:
  - {fileID: 4350117631517766}
  m_Father: {fileID: 4635627971136838}
  m_RootOrder: 2
  m_LocalEulerAnglesHint: {x: 0, y: 0, z: 0}
--- !u!4 &4085782718997798
Transform:
  m_ObjectHideFlags: 1
  m_PrefabParentObject: {fileID: 0}
  m_PrefabInternal: {fileID: 100100000}
  m_GameObject: {fileID: 1438344797774438}
  m_LocalRotation: {x: 0.0016791194, y: 0.0010803018, z: -0.0003993295, w: 0.999998}
  m_LocalPosition: {x: -0.10292371, y: 0.036078863, z: 0.0005136569}
  m_LocalScale: {x: 0.9999999, y: 1, z: 1}
  m_Children:
  - {fileID: 4145611663659826}
  m_Father: {fileID: 4064206461571616}
  m_RootOrder: 2
  m_LocalEulerAnglesHint: {x: 0, y: 0, z: 0}
--- !u!4 &4108282486816330
Transform:
  m_ObjectHideFlags: 1
  m_PrefabParentObject: {fileID: 0}
  m_PrefabInternal: {fileID: 100100000}
  m_GameObject: {fileID: 1131143838372408}
  m_LocalRotation: {x: 0, y: 0, z: 0, w: 1}
  m_LocalPosition: {x: 0, y: 0, z: 0}
  m_LocalScale: {x: 1, y: 1, z: 1}
  m_Children:
  - {fileID: 4874088696441206}
  - {fileID: 4987209232389096}
  - {fileID: 224522744517670340}
  m_Father: {fileID: 0}
  m_RootOrder: 0
  m_LocalEulerAnglesHint: {x: 0, y: 0, z: 0}
--- !u!4 &4145611663659826
Transform:
  m_ObjectHideFlags: 1
  m_PrefabParentObject: {fileID: 0}
  m_PrefabInternal: {fileID: 100100000}
  m_GameObject: {fileID: 1522840856543898}
  m_LocalRotation: {x: 0.000081084676, y: 0.000039958715, z: 0.0021119225, w: 0.9999978}
  m_LocalPosition: {x: -0.024713071, y: -0.000112945556, z: 0.00000087252255}
  m_LocalScale: {x: 0.9999999, y: 1.0000001, z: 0.99999994}
  m_Children:
  - {fileID: 4369665598014096}
  m_Father: {fileID: 4085782718997798}
  m_RootOrder: 0
  m_LocalEulerAnglesHint: {x: 0, y: 0, z: 0}
--- !u!4 &4191232123747850
Transform:
  m_ObjectHideFlags: 1
  m_PrefabParentObject: {fileID: 0}
  m_PrefabInternal: {fileID: 100100000}
  m_GameObject: {fileID: 1054615185771088}
  m_LocalRotation: {x: -0.003487778, y: 0.00015533889, z: -0.04440842, w: 0.99900734}
  m_LocalPosition: {x: -0.03895053, y: 0.0036552742, z: 0.00000013275147}
  m_LocalScale: {x: 1, y: 1, z: 1}
  m_Children:
  - {fileID: 4859395108530866}
  m_Father: {fileID: 4482096090352346}
  m_RootOrder: 0
  m_LocalEulerAnglesHint: {x: 0, y: 0, z: 0}
--- !u!4 &4225034115443772
Transform:
  m_ObjectHideFlags: 1
  m_PrefabParentObject: {fileID: 0}
  m_PrefabInternal: {fileID: 100100000}
  m_GameObject: {fileID: 1661279464941470}
  m_LocalRotation: {x: -0.00000007031451, y: 0.0000025486809, z: -0.00000013757365,
    w: 1}
  m_LocalPosition: {x: -0.07795916, y: 0.000000031015276, z: 0.0000000032424925}
  m_LocalScale: {x: 0.9999999, y: 0.99999994, z: 1}
  m_Children: []
  m_Father: {fileID: 4782585858881530}
  m_RootOrder: 0
  m_LocalEulerAnglesHint: {x: 0, y: 0, z: 0}
--- !u!4 &4256176376943262
Transform:
  m_ObjectHideFlags: 1
  m_PrefabParentObject: {fileID: 0}
  m_PrefabInternal: {fileID: 100100000}
  m_GameObject: {fileID: 1320649019434138}
  m_LocalRotation: {x: 0.00000014249234, y: 0.00000028009524, z: 0.000000031322955,
    w: 1}
  m_LocalPosition: {x: -0.07554254, y: 0.00000008132309, z: -0.000001795125}
  m_LocalScale: {x: 1.0000001, y: 1, z: 1.0000001}
  m_Children: []
  m_Father: {fileID: 4812892727052366}
  m_RootOrder: 0
  m_LocalEulerAnglesHint: {x: 0, y: 0, z: 0}
--- !u!4 &4307544476222140
Transform:
  m_ObjectHideFlags: 1
  m_PrefabParentObject: {fileID: 0}
  m_PrefabInternal: {fileID: 100100000}
  m_GameObject: {fileID: 1280211631704354}
  m_LocalRotation: {x: -0.0008182766, y: 0.00052328623, z: 0.99999213, w: -0.0038518214}
  m_LocalPosition: {x: 0.055043694, y: 0.09240787, z: -0.005133008}
  m_LocalScale: {x: 1.0000001, y: 1.0000007, z: 1.0000148}
  m_Children:
  - {fileID: 4945245741681480}
  m_Father: {fileID: 4635627971136838}
  m_RootOrder: 1
  m_LocalEulerAnglesHint: {x: 0, y: 0, z: 0}
--- !u!4 &4334908658115164
Transform:
  m_ObjectHideFlags: 1
  m_PrefabParentObject: {fileID: 0}
  m_PrefabInternal: {fileID: 100100000}
  m_GameObject: {fileID: 1802342983743610}
  m_LocalRotation: {x: -0.0001477344, y: -0.000031189895, z: -0.004232064, w: 0.99999106}
  m_LocalPosition: {x: -0.03223803, y: -0.000013042736, z: 0.0000035766839}
  m_LocalScale: {x: 1, y: 0.99999994, z: 0.9999999}
  m_Children:
  - {fileID: 4684181730356200}
  m_Father: {fileID: 4895339790761098}
  m_RootOrder: 0
  m_LocalEulerAnglesHint: {x: 0, y: 0, z: 0}
--- !u!4 &4337613528555076
Transform:
  m_ObjectHideFlags: 1
  m_PrefabParentObject: {fileID: 0}
  m_PrefabInternal: {fileID: 100100000}
  m_GameObject: {fileID: 1004297131230826}
  m_LocalRotation: {x: 4.207116e-14, y: 4.363323e-16, z: -1.164102e-10, w: 1}
  m_LocalPosition: {x: -0.09305634, y: 0.000000010259116, z: 0.03697129}
  m_LocalScale: {x: 0.99999994, y: 1, z: 1}
  m_Children:
  - {fileID: 4373374322249528}
  m_Father: {fileID: 4892031459233542}
  m_RootOrder: 0
  m_LocalEulerAnglesHint: {x: 0, y: 0, z: 0}
--- !u!4 &4350117631517766
Transform:
  m_ObjectHideFlags: 1
  m_PrefabParentObject: {fileID: 0}
  m_PrefabInternal: {fileID: 100100000}
  m_GameObject: {fileID: 1995332016710950}
  m_LocalRotation: {x: -0.0000015102065, y: -0.0000031590457, z: 0.00000009161902,
    w: 1}
  m_LocalPosition: {x: -0.116598815, y: 0.000000008814317, z: -0.000000006134605}
  m_LocalScale: {x: 1.0000001, y: 1, z: 1.0000001}
  m_Children:
  - {fileID: 4627401321134746}
  m_Father: {fileID: 4067193029496184}
  m_RootOrder: 0
  m_LocalEulerAnglesHint: {x: 0, y: 0, z: 0}
--- !u!4 &4359548968210172
Transform:
  m_ObjectHideFlags: 1
  m_PrefabParentObject: {fileID: 0}
  m_PrefabInternal: {fileID: 100100000}
  m_GameObject: {fileID: 1997786308643834}
  m_LocalRotation: {x: 0.431631, y: 0.5582101, z: 0.5661146, w: 0.42615777}
  m_LocalPosition: {x: -0.12898894, y: -0.07343511, z: -0.0010923771}
  m_LocalScale: {x: 0.9999999, y: 1.0000002, z: 0.99999994}
  m_Children:
  - {fileID: 4789197189589960}
  m_Father: {fileID: 4627401321134746}
  m_RootOrder: 0
  m_LocalEulerAnglesHint: {x: 0, y: 0, z: 0}
--- !u!4 &4369411295932206
Transform:
  m_ObjectHideFlags: 1
  m_PrefabParentObject: {fileID: 0}
  m_PrefabInternal: {fileID: 100100000}
  m_GameObject: {fileID: 1513562410745902}
  m_LocalRotation: {x: 2.7011868e-10, y: 0.0000041672474, z: -0.00000010115204, w: 1}
  m_LocalPosition: {x: -0.017633073, y: -0.000015586662, z: -0.0000022167683}
  m_LocalScale: {x: 1, y: 1, z: 1}
  m_Children: []
  m_Father: {fileID: 4890369902797982}
  m_RootOrder: 0
  m_LocalEulerAnglesHint: {x: 0, y: 0, z: 0}
--- !u!4 &4369665598014096
Transform:
  m_ObjectHideFlags: 1
  m_PrefabParentObject: {fileID: 0}
  m_PrefabInternal: {fileID: 100100000}
  m_GameObject: {fileID: 1623143142943874}
  m_LocalRotation: {x: -0.0002407202, y: -0.000057803896, z: 0.0034457427, w: 0.99999404}
  m_LocalPosition: {x: -0.024320938, y: -0.000008155632, z: 0.0000012896746}
  m_LocalScale: {x: 0.99999994, y: 1, z: 0.9999998}
  m_Children:
  - {fileID: 4419873334968726}
  m_Father: {fileID: 4145611663659826}
  m_RootOrder: 0
  m_LocalEulerAnglesHint: {x: 0, y: 0, z: 0}
--- !u!4 &4373374322249528
Transform:
  m_ObjectHideFlags: 1
  m_PrefabParentObject: {fileID: 0}
  m_PrefabInternal: {fileID: 100100000}
  m_GameObject: {fileID: 1113747106339052}
  m_LocalRotation: {x: -5.5850536e-16, y: -8.988446e-16, z: 1.5882497e-15, w: 1}
  m_LocalPosition: {x: -0.26128748, y: 0.000000028796181, z: 0.103808984}
  m_LocalScale: {x: 1, y: 1, z: 1}
  m_Children: []
  m_Father: {fileID: 4337613528555076}
  m_RootOrder: 0
  m_LocalEulerAnglesHint: {x: 0, y: 0, z: 0}
--- !u!4 &4378865799440338
Transform:
  m_ObjectHideFlags: 1
  m_PrefabParentObject: {fileID: 0}
  m_PrefabInternal: {fileID: 100100000}
  m_GameObject: {fileID: 1880509917763492}
  m_LocalRotation: {x: 0.072611846, y: 0.026633404, z: 0.03084336, w: 0.99652743}
  m_LocalPosition: {x: -0.3311837, y: -0.00000014920532, z: 0.0000022204867}
  m_LocalScale: {x: 1, y: 1, z: 1.0000001}
  m_Children:
  - {fileID: 4975353458595464}
  - {fileID: 4615509436408180}
  - {fileID: 4781457520658580}
  - {fileID: 4482096090352346}
  m_Father: {fileID: 4870433828426206}
  m_RootOrder: 0
  m_LocalEulerAnglesHint: {x: 0, y: 0, z: 0}
--- !u!4 &4383747081283108
Transform:
  m_ObjectHideFlags: 1
  m_PrefabParentObject: {fileID: 0}
  m_PrefabInternal: {fileID: 100100000}
  m_GameObject: {fileID: 1570852688610538}
  m_LocalRotation: {x: -0.0000000035214665, y: -0.0000032201879, z: 0.00000035681677,
    w: 1}
  m_LocalPosition: {x: -0.01972515, y: 0.00004583988, z: -0.00000040032862}
  m_LocalScale: {x: 1, y: 0.99999994, z: 1}
  m_Children: []
  m_Father: {fileID: 4734258461390836}
  m_RootOrder: 0
  m_LocalEulerAnglesHint: {x: 0, y: 0, z: 0}
--- !u!4 &4395316559730004
Transform:
  m_ObjectHideFlags: 1
  m_PrefabParentObject: {fileID: 0}
  m_PrefabInternal: {fileID: 100100000}
  m_GameObject: {fileID: 1394023300383760}
  m_LocalRotation: {x: -1.7415562e-10, y: 0.00000989623, z: -0.00000063024106, w: 1}
  m_LocalPosition: {x: -0.025267016, y: 0.00019467926, z: -0.0000038877606}
  m_LocalScale: {x: 1, y: 0.9999998, z: 0.9999998}
  m_Children: []
  m_Father: {fileID: 4684181730356200}
  m_RootOrder: 0
  m_LocalEulerAnglesHint: {x: 0, y: 0, z: 0}
--- !u!4 &4419873334968726
Transform:
  m_ObjectHideFlags: 1
  m_PrefabParentObject: {fileID: 0}
  m_PrefabInternal: {fileID: 100100000}
  m_GameObject: {fileID: 1150081907174158}
  m_LocalRotation: {x: -0.0000000039558095, y: 0.0000011400809, z: -0.00000013286429,
    w: 1}
  m_LocalPosition: {x: -0.018550482, y: 0.000121459954, z: 0.00000062396526}
  m_LocalScale: {x: 0.99999994, y: 1, z: 1.0000001}
  m_Children: []
  m_Father: {fileID: 4369665598014096}
  m_RootOrder: 0
  m_LocalEulerAnglesHint: {x: 0, y: 0, z: 0}
--- !u!4 &4433886682878366
Transform:
  m_ObjectHideFlags: 1
  m_PrefabParentObject: {fileID: 0}
  m_PrefabInternal: {fileID: 100100000}
  m_GameObject: {fileID: 1891543913250140}
  m_LocalRotation: {x: -0.0000046347845, y: 0.0000010204966, z: 0.00027350138, w: 1}
  m_LocalPosition: {x: -0.030639343, y: 0.000014359998, z: -0.0000016240314}
  m_LocalScale: {x: 0.99999976, y: 0.9999998, z: 0.99999994}
  m_Children:
  - {fileID: 4958715610517700}
  m_Father: {fileID: 4673537643942472}
  m_RootOrder: 0
  m_LocalEulerAnglesHint: {x: 0, y: 0, z: 0}
--- !u!4 &4462815866079174
Transform:
  m_ObjectHideFlags: 1
  m_PrefabParentObject: {fileID: 0}
  m_PrefabInternal: {fileID: 100100000}
  m_GameObject: {fileID: 1528048650985370}
  m_LocalRotation: {x: -0.0000000265427, y: -0.00000016391282, z: -0.000000018160799,
    w: 1}
  m_LocalPosition: {x: -0.03389422, y: 0.0027419722, z: -0.0000024585722}
  m_LocalScale: {x: 0.9999998, y: 0.99999994, z: 1}
  m_Children: []
  m_Father: {fileID: 4748910740612600}
  m_RootOrder: 0
  m_LocalEulerAnglesHint: {x: 0, y: 0, z: 0}
--- !u!4 &4478350840338286
Transform:
  m_ObjectHideFlags: 1
  m_PrefabParentObject: {fileID: 0}
  m_PrefabInternal: {fileID: 100100000}
  m_GameObject: {fileID: 1362212144213756}
  m_LocalRotation: {x: -0.0000076434435, y: 0.000019347184, z: 0.0010805567, w: 0.9999994}
  m_LocalPosition: {x: -0.02394935, y: -0.000017784547, z: 0.0000021662615}
  m_LocalScale: {x: 1, y: 1, z: 1}
  m_Children:
  - {fileID: 4890369902797982}
  m_Father: {fileID: 4781457520658580}
  m_RootOrder: 0
  m_LocalEulerAnglesHint: {x: 0, y: 0, z: 0}
--- !u!4 &4482096090352346
Transform:
  m_ObjectHideFlags: 1
  m_PrefabParentObject: {fileID: 0}
  m_PrefabInternal: {fileID: 100100000}
  m_GameObject: {fileID: 1145712420039916}
  m_LocalRotation: {x: 0.07662899, y: 0.18736297, z: -0.23509295, w: 0.95066}
  m_LocalPosition: {x: -0.035020124, y: 0.030870158, z: 0.014558897}
  m_LocalScale: {x: 0.9999999, y: 0.9999999, z: 0.9999998}
  m_Children:
  - {fileID: 4191232123747850}
  m_Father: {fileID: 4378865799440338}
  m_RootOrder: 3
  m_LocalEulerAnglesHint: {x: 0, y: 0, z: 0}
--- !u!4 &4493429743491832
Transform:
  m_ObjectHideFlags: 1
  m_PrefabParentObject: {fileID: 0}
  m_PrefabInternal: {fileID: 100100000}
  m_GameObject: {fileID: 1365262238221108}
  m_LocalRotation: {x: 0.08757388, y: 0.5660927, z: 0.050799537, w: 0.818101}
  m_LocalPosition: {x: -0.48207465, y: 0.00000014093816, z: -0.00000012198686}
  m_LocalScale: {x: 1.0000001, y: 1, z: 1}
  m_Children:
  - {fileID: 4782585858881530}
  m_Father: {fileID: 4945245741681480}
  m_RootOrder: 0
  m_LocalEulerAnglesHint: {x: 0, y: 0, z: 0}
--- !u!4 &4546825025630446
Transform:
  m_ObjectHideFlags: 1
  m_PrefabParentObject: {fileID: 0}
  m_PrefabInternal: {fileID: 100100000}
  m_GameObject: {fileID: 1194571699225776}
  m_LocalRotation: {x: -0.0018799555, y: -0.13079508, z: 0.026387045, w: 0.99105644}
  m_LocalPosition: {x: -0.15113543, y: 0.0000000793457, z: 0.00000037765503}
  m_LocalScale: {x: 0.9999998, y: 0.99999976, z: 0.99999976}
  m_Children:
  - {fileID: 4917691988071564}
  m_Father: {fileID: 4600586225936118}
  m_RootOrder: 0
  m_LocalEulerAnglesHint: {x: 0, y: 0, z: 0}
--- !u!4 &4600586225936118
Transform:
  m_ObjectHideFlags: 1
  m_PrefabParentObject: {fileID: 0}
  m_PrefabInternal: {fileID: 100100000}
  m_GameObject: {fileID: 1564860225906602}
  m_LocalRotation: {x: 0.44130844, y: -0.5460138, z: 0.57588637, w: -0.4188923}
  m_LocalPosition: {x: -0.12933783, y: 0.07343512, z: -0.0039575}
  m_LocalScale: {x: 0.99999976, y: 1, z: 1}
  m_Children:
  - {fileID: 4546825025630446}
  m_Father: {fileID: 4627401321134746}
  m_RootOrder: 2
  m_LocalEulerAnglesHint: {x: 0, y: 0, z: 0}
--- !u!4 &4615509436408180
Transform:
  m_ObjectHideFlags: 1
  m_PrefabParentObject: {fileID: 0}
  m_PrefabInternal: {fileID: 100100000}
  m_GameObject: {fileID: 1192527805023516}
  m_LocalRotation: {x: -0.0008483237, y: -0.028780423, z: -0.029248117, w: 0.9991574}
  m_LocalPosition: {x: -0.08514556, y: 0.0049210084, z: -0.0049170945}
  m_LocalScale: {x: 0.9999999, y: 0.9999999, z: 0.99999994}
  m_Children:
  - {fileID: 4673537643942472}
  m_Father: {fileID: 4378865799440338}
  m_RootOrder: 1
  m_LocalEulerAnglesHint: {x: 0, y: 0, z: 0}
--- !u!4 &4615708524253414
Transform:
  m_ObjectHideFlags: 1
  m_PrefabParentObject: {fileID: 0}
  m_PrefabInternal: {fileID: 100100000}
  m_GameObject: {fileID: 1081147003131490}
  m_LocalRotation: {x: -3.6184983e-10, y: 0.000007375082, z: -0.0000005418535, w: 1}
  m_LocalPosition: {x: -0.01564663, y: 0.00001672802, z: 0.000001605913}
  m_LocalScale: {x: 1, y: 1, z: 1.0000001}
  m_Children: []
  m_Father: {fileID: 4888028979882116}
  m_RootOrder: 0
  m_LocalEulerAnglesHint: {x: 0, y: 0, z: 0}
--- !u!4 &4627401321134746
Transform:
  m_ObjectHideFlags: 1
  m_PrefabParentObject: {fileID: 0}
  m_PrefabInternal: {fileID: 100100000}
  m_GameObject: {fileID: 1184410842181154}
  m_LocalRotation: {x: 0.0000028601298, y: -0.00000027939717, z: -0.00000017375761,
    w: 1}
  m_LocalPosition: {x: -0.13323338, y: 0.0000000100651985, z: 0.000000011861192}
  m_LocalScale: {x: 1, y: 1, z: 1}
  m_Children:
  - {fileID: 4359548968210172}
  - {fileID: 4892031459233542}
  - {fileID: 4600586225936118}
  m_Father: {fileID: 4350117631517766}
  m_RootOrder: 0
  m_LocalEulerAnglesHint: {x: 0, y: 0, z: 0}
--- !u!4 &4635627971136838
Transform:
  m_ObjectHideFlags: 1
  m_PrefabParentObject: {fileID: 0}
  m_PrefabInternal: {fileID: 100100000}
  m_GameObject: {fileID: 1550691680655240}
  m_LocalRotation: {x: 0.000022571436, y: 0.000007241176, z: -0.70686823, w: 0.70734525}
  m_LocalPosition: {x: -0.000037524413, y: 1.053075, z: -0.0022154297}
  m_LocalScale: {x: 1, y: 1, z: 1}
  m_Children:
  - {fileID: 4797720506334176}
  - {fileID: 4307544476222140}
  - {fileID: 4067193029496184}
  m_Father: {fileID: 4874088696441206}
  m_RootOrder: 0
  m_LocalEulerAnglesHint: {x: 0, y: 0, z: 0}
--- !u!4 &4638279682340704
Transform:
  m_ObjectHideFlags: 1
  m_PrefabParentObject: {fileID: 0}
  m_PrefabInternal: {fileID: 100100000}
  m_GameObject: {fileID: 1295619650126922}
  m_LocalRotation: {x: -0.09428246, y: 0.5564997, z: -0.05243519, w: 0.823814}
  m_LocalPosition: {x: -0.48171064, y: 0.000000039112567, z: 0.0000000018715858}
  m_LocalScale: {x: 1, y: 0.99999994, z: 1.0000001}
  m_Children:
  - {fileID: 4812892727052366}
  m_Father: {fileID: 4707580508095958}
  m_RootOrder: 0
  m_LocalEulerAnglesHint: {x: 0, y: 0, z: 0}
--- !u!4 &4639896688944338
Transform:
  m_ObjectHideFlags: 1
  m_PrefabParentObject: {fileID: 0}
  m_PrefabInternal: {fileID: 100100000}
  m_GameObject: {fileID: 1002480011466456}
  m_LocalRotation: {x: 0.0000020160026, y: 0.000026912685, z: 0.000316095, w: 0.99999994}
  m_LocalPosition: {x: -0.026705395, y: -0.000031371594, z: 0.0000035986661}
  m_LocalScale: {x: 0.99999994, y: 1, z: 0.9999998}
  m_Children:
  - {fileID: 4734258461390836}
  m_Father: {fileID: 4861333391112112}
  m_RootOrder: 0
  m_LocalEulerAnglesHint: {x: 0, y: 0, z: 0}
--- !u!4 &4673537643942472
Transform:
  m_ObjectHideFlags: 1
  m_PrefabParentObject: {fileID: 0}
  m_PrefabInternal: {fileID: 100100000}
  m_GameObject: {fileID: 1081782555143542}
  m_LocalRotation: {x: 0.0000031988204, y: 0.0000090339445, z: 0.0006325538, w: 0.9999998}
  m_LocalPosition: {x: -0.06481881, y: -0.000051579522, z: -0.00000036325454}
  m_LocalScale: {x: 1, y: 1, z: 1.0000001}
  m_Children:
  - {fileID: 4433886682878366}
  m_Father: {fileID: 4615509436408180}
  m_RootOrder: 0
  m_LocalEulerAnglesHint: {x: 0, y: 0, z: 0}
--- !u!4 &4684181730356200
Transform:
  m_ObjectHideFlags: 1
  m_PrefabParentObject: {fileID: 0}
  m_PrefabInternal: {fileID: 100100000}
  m_GameObject: {fileID: 1611977468181312}
  m_LocalRotation: {x: 0.0000718024, y: 0.00010391273, z: 0.008291808, w: 0.9999656}
  m_LocalPosition: {x: -0.020454748, y: -0.00018136749, z: 0.000004397374}
  m_LocalScale: {x: 0.99999976, y: 1, z: 1.0000001}
  m_Children:
  - {fileID: 4395316559730004}
  m_Father: {fileID: 4334908658115164}
  m_RootOrder: 0
  m_LocalEulerAnglesHint: {x: 0, y: 0, z: 0}
--- !u!4 &4707580508095958
Transform:
  m_ObjectHideFlags: 1
  m_PrefabParentObject: {fileID: 0}
  m_PrefabInternal: {fileID: 100100000}
  m_GameObject: {fileID: 1921514174876374}
  m_LocalRotation: {x: -0.00007655878, y: -0.010692602, z: 0.007878893, w: 0.9999118}
  m_LocalPosition: {x: -0.44818616, y: 0.000000028317421, z: 0.0000000011086464}
  m_LocalScale: {x: 0.9999998, y: 1, z: 0.9999998}
  m_Children:
  - {fileID: 4638279682340704}
  m_Father: {fileID: 4797720506334176}
  m_RootOrder: 0
  m_LocalEulerAnglesHint: {x: 0, y: 0, z: 0}
--- !u!4 &4734258461390836
Transform:
  m_ObjectHideFlags: 1
  m_PrefabParentObject: {fileID: 0}
  m_PrefabInternal: {fileID: 100100000}
  m_GameObject: {fileID: 1908273961203158}
  m_LocalRotation: {x: -0.000018617162, y: -0.000046086523, z: 0.0014415093, w: 0.999999}
  m_LocalPosition: {x: -0.025555046, y: -0.000014043903, z: 0.0000018824458}
  m_LocalScale: {x: 0.99999994, y: 1.0000001, z: 0.99999994}
  m_Children:
  - {fileID: 4383747081283108}
  m_Father: {fileID: 4639896688944338}
  m_RootOrder: 0
  m_LocalEulerAnglesHint: {x: 0, y: 0, z: 0}
--- !u!4 &4748910740612600
Transform:
  m_ObjectHideFlags: 1
  m_PrefabParentObject: {fileID: 0}
  m_PrefabInternal: {fileID: 100100000}
  m_GameObject: {fileID: 1076917663692460}
  m_LocalRotation: {x: 0.0013314951, y: -0.0000054035486, z: 0.041600164, w: 0.99913347}
  m_LocalPosition: {x: -0.039994672, y: -0.00010039415, z: -0.000001214826}
  m_LocalScale: {x: 0.99999994, y: 1.0000001, z: 0.99999994}
  m_Children:
  - {fileID: 4462815866079174}
  m_Father: {fileID: 4752669759779574}
  m_RootOrder: 0
  m_LocalEulerAnglesHint: {x: 0, y: 0, z: 0}
--- !u!4 &4752669759779574
Transform:
  m_ObjectHideFlags: 1
  m_PrefabParentObject: {fileID: 0}
  m_PrefabInternal: {fileID: 100100000}
  m_GameObject: {fileID: 1700481378347434}
  m_LocalRotation: {x: 0.0010429554, y: -0.00000046633193, z: 0.029971039, w: 0.9995503}
  m_LocalPosition: {x: -0.042250104, y: -0.0026420578, z: -0.0000012287139}
  m_LocalScale: {x: 0.9999999, y: 0.99999994, z: 0.99999994}
  m_Children:
  - {fileID: 4748910740612600}
  m_Father: {fileID: 4871953064576786}
  m_RootOrder: 0
  m_LocalEulerAnglesHint: {x: 0, y: 0, z: 0}
--- !u!4 &4781457520658580
Transform:
  m_ObjectHideFlags: 1
  m_PrefabParentObject: {fileID: 0}
  m_PrefabInternal: {fileID: 100100000}
  m_GameObject: {fileID: 1768155518295522}
  m_LocalRotation: {x: -0.00079068803, y: -0.028783236, z: -0.029220682, w: 0.9991582}
  m_LocalPosition: {x: -0.10397758, y: -0.038078498, z: -0.0003893171}
  m_LocalScale: {x: 0.9999998, y: 0.99999994, z: 0.99999976}
  m_Children:
  - {fileID: 4478350840338286}
  m_Father: {fileID: 4378865799440338}
  m_RootOrder: 2
  m_LocalEulerAnglesHint: {x: 0, y: 0, z: 0}
--- !u!4 &4782585858881530
Transform:
  m_ObjectHideFlags: 1
  m_PrefabParentObject: {fileID: 0}
  m_PrefabInternal: {fileID: 100100000}
  m_GameObject: {fileID: 1343872796454206}
  m_LocalRotation: {x: 0.026947618, y: 0.2052485, z: 0.005653577, w: 0.9783225}
  m_LocalPosition: {x: -0.1729355, y: -0.000000012848584, z: -0.0000015301749}
  m_LocalScale: {x: 0.99999994, y: 1, z: 1.0000001}
  m_Children:
  - {fileID: 4225034115443772}
  m_Father: {fileID: 4493429743491832}
  m_RootOrder: 0
  m_LocalEulerAnglesHint: {x: 0, y: 0, z: 0}
--- !u!4 &4789197189589960
Transform:
  m_ObjectHideFlags: 1
  m_PrefabParentObject: {fileID: 0}
  m_PrefabInternal: {fileID: 100100000}
  m_GameObject: {fileID: 1498545480973124}
  m_LocalRotation: {x: -0.0019610324, y: -0.13323164, z: -0.007116904, w: 0.99105746}
  m_LocalPosition: {x: -0.1511352, y: 0.000000049781796, z: -0.0000005203247}
  m_LocalScale: {x: 1, y: 0.99999976, z: 0.9999999}
  m_Children:
  - {fileID: 4870433828426206}
  m_Father: {fileID: 4359548968210172}
  m_RootOrder: 0
  m_LocalEulerAnglesHint: {x: 0, y: 0, z: 0}
--- !u!4 &4797720506334176
Transform:
  m_ObjectHideFlags: 1
  m_PrefabParentObject: {fileID: 0}
  m_PrefabInternal: {fileID: 100100000}
  m_GameObject: {fileID: 1435736822404644}
  m_LocalRotation: {x: 0.012328478, y: -0.0005897251, z: 0.9999136, w: 0.004530935}
  m_LocalPosition: {x: 0.055043638, y: -0.09240788, z: 0.006420117}
  m_LocalScale: {x: 1.0000006, y: 1.0000017, z: 1.0000542}
  m_Children:
  - {fileID: 4707580508095958}
  m_Father: {fileID: 4635627971136838}
  m_RootOrder: 0
  m_LocalEulerAnglesHint: {x: 0, y: 0, z: 0}
--- !u!4 &4811090698718978
Transform:
  m_ObjectHideFlags: 1
  m_PrefabParentObject: {fileID: 0}
  m_PrefabInternal: {fileID: 100100000}
  m_GameObject: {fileID: 1566157728962618}
  m_LocalRotation: {x: -0.0000000018614609, y: -0.0000032521789, z: 0.00000036414716,
    w: 1}
  m_LocalPosition: {x: -0.032248277, y: -0.0038446654, z: 0.0000007541656}
  m_LocalScale: {x: 0.9999999, y: 1, z: 1}
  m_Children: []
  m_Father: {fileID: 4859395108530866}
  m_RootOrder: 0
  m_LocalEulerAnglesHint: {x: 0, y: 0, z: 0}
--- !u!4 &4812892727052366
Transform:
  m_ObjectHideFlags: 1
  m_PrefabParentObject: {fileID: 0}
  m_PrefabInternal: {fileID: 100100000}
  m_GameObject: {fileID: 1007834498292816}
  m_LocalRotation: {x: -0.018280843, y: 0.21608691, z: -0.0040460536, w: 0.9761946}
  m_LocalPosition: {x: -0.16450894, y: 0.00000001059475, z: 0.0000015656117}
  m_LocalScale: {x: 1, y: 0.9999998, z: 0.9999999}
  m_Children:
  - {fileID: 4256176376943262}
  m_Father: {fileID: 4638279682340704}
  m_RootOrder: 0
  m_LocalEulerAnglesHint: {x: 0, y: 0, z: 0}
--- !u!4 &4859395108530866
Transform:
  m_ObjectHideFlags: 1
  m_PrefabParentObject: {fileID: 0}
  m_PrefabInternal: {fileID: 100100000}
  m_GameObject: {fileID: 1197014161872792}
  m_LocalRotation: {x: -0.00208935, y: -0.00008790462, z: -0.06165617, w: 0.9980953}
  m_LocalPosition: {x: -0.0400948, y: 0.00018928756, z: 0.0000007331848}
  m_LocalScale: {x: 1.0000002, y: 1, z: 0.9999998}
  m_Children:
  - {fileID: 4811090698718978}
  m_Father: {fileID: 4191232123747850}
  m_RootOrder: 0
  m_LocalEulerAnglesHint: {x: 0, y: 0, z: 0}
--- !u!4 &4861333391112112
Transform:
  m_ObjectHideFlags: 1
  m_PrefabParentObject: {fileID: 0}
  m_PrefabInternal: {fileID: 100100000}
  m_GameObject: {fileID: 1549817450928288}
  m_LocalRotation: {x: -0.00010164684, y: 0.0010798557, z: 0.0012933078, w: 0.99999857}
  m_LocalPosition: {x: -0.13742799, y: -0.03556158, z: -0.00028257867}
  m_LocalScale: {x: 0.99999994, y: 0.9999999, z: 0.9999998}
  m_Children:
  - {fileID: 4639896688944338}
  m_Father: {fileID: 4064206461571616}
  m_RootOrder: 0
  m_LocalEulerAnglesHint: {x: 0, y: 0, z: 0}
--- !u!4 &4870433828426206
Transform:
  m_ObjectHideFlags: 1
  m_PrefabParentObject: {fileID: 0}
  m_PrefabInternal: {fileID: 100100000}
  m_GameObject: {fileID: 1834636500836996}
  m_LocalRotation: {x: -0.0014524331, y: -0.000018199955, z: -0.0000023182176, w: 0.999999}
  m_LocalPosition: {x: -0.20185407, y: -0.00000010845989, z: 0.0000014483563}
  m_LocalScale: {x: 1, y: 0.9999998, z: 1}
  m_Children:
  - {fileID: 4378865799440338}
  m_Father: {fileID: 4789197189589960}
  m_RootOrder: 0
  m_LocalEulerAnglesHint: {x: 0, y: 0, z: 0}
--- !u!4 &4871953064576786
Transform:
  m_ObjectHideFlags: 1
  m_PrefabParentObject: {fileID: 0}
  m_PrefabInternal: {fileID: 100100000}
  m_GameObject: {fileID: 1382871831389902}
  m_LocalRotation: {x: -0.0874582, y: 0.21144606, z: 0.23181687, w: 0.94546425}
  m_LocalPosition: {x: -0.03683632, y: -0.031173099, z: 0.021715965}
  m_LocalScale: {x: 1, y: 1, z: 0.99999994}
  m_Children:
  - {fileID: 4752669759779574}
  m_Father: {fileID: 4064206461571616}
  m_RootOrder: 3
  m_LocalEulerAnglesHint: {x: 0, y: 0, z: 0}
--- !u!4 &4874088696441206
Transform:
  m_ObjectHideFlags: 1
  m_PrefabParentObject: {fileID: 0}
  m_PrefabInternal: {fileID: 100100000}
  m_GameObject: {fileID: 1011122506878444}
  m_LocalRotation: {x: 0.00000005960465, y: -0, z: -0, w: 1}
  m_LocalPosition: {x: 0, y: 0, z: 0}
  m_LocalScale: {x: 1, y: 1, z: 1}
  m_Children:
  - {fileID: 4635627971136838}
  m_Father: {fileID: 4108282486816330}
  m_RootOrder: 0
  m_LocalEulerAnglesHint: {x: 0, y: 0, z: 0}
--- !u!4 &4888028979882116
Transform:
  m_ObjectHideFlags: 1
  m_PrefabParentObject: {fileID: 0}
  m_PrefabInternal: {fileID: 100100000}
  m_GameObject: {fileID: 1783726884070644}
  m_LocalRotation: {x: 0.00002828276, y: 0.000013613333, z: 0.0016629087, w: 0.9999986}
  m_LocalPosition: {x: -0.020443792, y: -0.00004612522, z: 0.0000015285327}
  m_LocalScale: {x: 1.0000001, y: 1, z: 0.9999998}
  m_Children:
  - {fileID: 4615708524253414}
  m_Father: {fileID: 4014919192110202}
  m_RootOrder: 0
  m_LocalEulerAnglesHint: {x: 0, y: 0, z: 0}
--- !u!4 &4890369902797982
Transform:
  m_ObjectHideFlags: 1
  m_PrefabParentObject: {fileID: 0}
  m_PrefabInternal: {fileID: 100100000}
  m_GameObject: {fileID: 1326629933247278}
  m_LocalRotation: {x: 0.000006747471, y: -0.000022114433, z: -0.0011519716, w: 0.99999934}
  m_LocalPosition: {x: -0.02365564, y: 0.00003365984, z: 0.0000010585874}
  m_LocalScale: {x: 0.99999976, y: 1, z: 1.0000001}
  m_Children:
  - {fileID: 4369411295932206}
  m_Father: {fileID: 4478350840338286}
  m_RootOrder: 0
  m_LocalEulerAnglesHint: {x: 0, y: 0, z: 0}
--- !u!4 &4892031459233542
Transform:
  m_ObjectHideFlags: 1
  m_PrefabParentObject: {fileID: 0}
  m_PrefabInternal: {fileID: 100100000}
  m_GameObject: {fileID: 1226556589978376}
  m_LocalRotation: {x: -0.0000013042227, y: 0.060557336, z: -0.0000000024707432, w: 0.9981647}
  m_LocalPosition: {x: -0.1499008, y: 0.000000011191959, z: 0.0000005678771}
  m_LocalScale: {x: 1, y: 0.9999999, z: 0.9999999}
  m_Children:
  - {fileID: 4337613528555076}
  m_Father: {fileID: 4627401321134746}
  m_RootOrder: 1
  m_LocalEulerAnglesHint: {x: 0, y: 0, z: 0}
--- !u!4 &4895339790761098
Transform:
  m_ObjectHideFlags: 1
  m_PrefabParentObject: {fileID: 0}
  m_PrefabInternal: {fileID: 100100000}
  m_GameObject: {fileID: 1928552294700534}
  m_LocalRotation: {x: 0.0016398901, y: 0.001112478, z: 0.001675768, w: 0.99999666}
  m_LocalPosition: {x: -0.13720383, y: -0.000517033, z: 0.00030917497}
  m_LocalScale: {x: 0.9999999, y: 0.99999994, z: 0.99999994}
  m_Children:
  - {fileID: 4334908658115164}
  m_Father: {fileID: 4064206461571616}
  m_RootOrder: 1
  m_LocalEulerAnglesHint: {x: 0, y: 0, z: 0}
--- !u!4 &4917691988071564
Transform:
  m_ObjectHideFlags: 1
  m_PrefabParentObject: {fileID: 0}
  m_PrefabInternal: {fileID: 100100000}
  m_GameObject: {fileID: 1147536697828798}
  m_LocalRotation: {x: 0.0017715797, y: -0.000012065573, z: 0.0000010957813, w: 0.99999845}
  m_LocalPosition: {x: -0.20197742, y: -0.00000016685324, z: -0.0000028110298}
  m_LocalScale: {x: 1, y: 0.9999999, z: 1}
  m_Children:
  - {fileID: 4064206461571616}
  m_Father: {fileID: 4546825025630446}
  m_RootOrder: 0
  m_LocalEulerAnglesHint: {x: 0, y: 0, z: 0}
--- !u!4 &4945245741681480
Transform:
  m_ObjectHideFlags: 1
  m_PrefabParentObject: {fileID: 0}
  m_PrefabInternal: {fileID: 100100000}
  m_GameObject: {fileID: 1130755623441936}
  m_LocalRotation: {x: 0.000006126424, y: -0.024067776, z: -0.007867815, w: 0.9996794}
  m_LocalPosition: {x: -0.44781503, y: 0.000000038836152, z: 4.172325e-11}
  m_LocalScale: {x: 0.99999994, y: 1, z: 1}
  m_Children:
  - {fileID: 4493429743491832}
  m_Father: {fileID: 4307544476222140}
  m_RootOrder: 0
  m_LocalEulerAnglesHint: {x: 0, y: 0, z: 0}
--- !u!4 &4958715610517700
Transform:
  m_ObjectHideFlags: 1
  m_PrefabParentObject: {fileID: 0}
  m_PrefabInternal: {fileID: 100100000}
  m_GameObject: {fileID: 1836163032625652}
  m_LocalRotation: {x: -3.411697e-10, y: 0.0000074349878, z: -0.00000009682554, w: 1}
  m_LocalPosition: {x: -0.036457777, y: 0.000036972902, z: -0.0000024045974}
  m_LocalScale: {x: 1, y: 1, z: 1}
  m_Children: []
  m_Father: {fileID: 4433886682878366}
  m_RootOrder: 0
  m_LocalEulerAnglesHint: {x: 0, y: 0, z: 0}
--- !u!4 &4975353458595464
Transform:
  m_ObjectHideFlags: 1
  m_PrefabParentObject: {fileID: 0}
  m_PrefabInternal: {fileID: 100100000}
  m_GameObject: {fileID: 1917106294141190}
  m_LocalRotation: {x: -0.00064135715, y: -0.028784903, z: -0.028207768, w: 0.99918735}
  m_LocalPosition: {x: -0.15235145, y: 0.033157334, z: -0.0015287338}
  m_LocalScale: {x: 0.99999994, y: 0.99999994, z: 0.99999994}
  m_Children:
  - {fileID: 4014919192110202}
  m_Father: {fileID: 4378865799440338}
  m_RootOrder: 0
  m_LocalEulerAnglesHint: {x: 0, y: 0, z: 0}
--- !u!4 &4987209232389096
Transform:
  m_ObjectHideFlags: 1
  m_PrefabParentObject: {fileID: 0}
  m_PrefabInternal: {fileID: 100100000}
  m_GameObject: {fileID: 1272611317751256}
  m_LocalRotation: {x: -0.7071068, y: 0.0000000014197521, z: -0.000000004732507, w: 0.7071067}
  m_LocalPosition: {x: 0.30130154, y: -93.232605, z: 2.6211996}
  m_LocalScale: {x: 1.0001652, y: 1.0001647, z: 1.0001647}
  m_Children: []
  m_Father: {fileID: 4108282486816330}
  m_RootOrder: 1
  m_LocalEulerAnglesHint: {x: 0, y: 0, z: 0}
--- !u!95 &95739853449098046
Animator:
  serializedVersion: 3
  m_ObjectHideFlags: 1
  m_PrefabParentObject: {fileID: 0}
  m_PrefabInternal: {fileID: 100100000}
  m_GameObject: {fileID: 1131143838372408}
  m_Enabled: 1
  m_Avatar: {fileID: 9000000, guid: 14dcc61943ef965419aa542628af2ce3, type: 3}
  m_Controller: {fileID: 0}
  m_CullingMode: 1
  m_UpdateMode: 0
  m_ApplyRootMotion: 0
  m_LinearVelocityBlending: 0
  m_WarningMessage: 
  m_HasTransformHierarchy: 1
  m_AllowConstantClipSamplingOptimization: 1
--- !u!114 &114115738980782466
MonoBehaviour:
  m_ObjectHideFlags: 1
  m_PrefabParentObject: {fileID: 0}
  m_PrefabInternal: {fileID: 100100000}
  m_GameObject: {fileID: 1503216678346894}
  m_Enabled: 1
  m_EditorHideFlags: 0
  m_Script: {fileID: 1980459831, guid: f5f67c52d1564df4a8936ccd202a3bd8, type: 3}
  m_Name: 
  m_EditorClassIdentifier: 
  m_UiScaleMode: 0
  m_ReferencePixelsPerUnit: 100
  m_ScaleFactor: 1
  m_ReferenceResolution: {x: 800, y: 600}
  m_ScreenMatchMode: 0
  m_MatchWidthOrHeight: 0
  m_PhysicalUnit: 3
  m_FallbackScreenDPI: 96
  m_DefaultSpriteDPI: 96
  m_DynamicPixelsPerUnit: 1
--- !u!114 &114162073277572528
MonoBehaviour:
  m_ObjectHideFlags: 1
  m_PrefabParentObject: {fileID: 0}
  m_PrefabInternal: {fileID: 100100000}
  m_GameObject: {fileID: 1131143838372408}
  m_Enabled: 1
  m_EditorHideFlags: 0
  m_Script: {fileID: 11500000, guid: 2e2919ec098b74c49aa7d294e5436d71, type: 3}
  m_Name: 
  m_EditorClassIdentifier: 
  ID: 0
  Name: Fireman
  Height: 1.89
  LeftUpLeg: {fileID: 4797720506334176}
  RightUpLeg: {fileID: 4307544476222140}
  LeftShoulder: {fileID: 4359548968210172}
  RightShoulder: {fileID: 4600586225936118}
  LeftHand: {fileID: 4378865799440338}
  RightHand: {fileID: 4064206461571616}
  HealthBar: {fileID: 224818392799999696}
  Scream: {fileID: 8300000, guid: 3d514e693c1574d4fb5d0802203618ef, type: 3}
  Cough: {fileID: 8300000, guid: a410d56679195324d8ed256e87bf50b9, type: 3}
--- !u!114 &114163033792476980
MonoBehaviour:
  m_ObjectHideFlags: 1
  m_PrefabParentObject: {fileID: 0}
  m_PrefabInternal: {fileID: 100100000}
  m_GameObject: {fileID: 1503216678346894}
  m_Enabled: 1
  m_EditorHideFlags: 0
  m_Script: {fileID: 11500000, guid: 6437d8dab1612c74284f452765663ece, type: 3}
  m_Name: 
  m_EditorClassIdentifier: 
--- !u!114 &114366952646638486
MonoBehaviour:
  m_ObjectHideFlags: 1
  m_PrefabParentObject: {fileID: 0}
  m_PrefabInternal: {fileID: 100100000}
  m_GameObject: {fileID: 1664388363676064}
  m_Enabled: 1
  m_EditorHideFlags: 0
  m_Script: {fileID: -765806418, guid: f5f67c52d1564df4a8936ccd202a3bd8, type: 3}
  m_Name: 
  m_EditorClassIdentifier: 
  m_Material: {fileID: 0}
  m_Color: {r: 0, g: 1, b: 0, a: 1}
  m_RaycastTarget: 1
  m_OnCullStateChanged:
    m_PersistentCalls:
      m_Calls: []
    m_TypeName: UnityEngine.UI.MaskableGraphic+CullStateChangedEvent, UnityEngine.UI,
      Version=1.0.0.0, Culture=neutral, PublicKeyToken=null
  m_Sprite: {fileID: 10911, guid: 0000000000000000f000000000000000, type: 0}
  m_Type: 1
  m_PreserveAspect: 0
  m_FillCenter: 1
  m_FillMethod: 4
  m_FillAmount: 1
  m_FillClockwise: 1
  m_FillOrigin: 0
--- !u!114 &114817436708200700
MonoBehaviour:
  m_ObjectHideFlags: 1
  m_PrefabParentObject: {fileID: 0}
  m_PrefabInternal: {fileID: 100100000}
  m_GameObject: {fileID: 1131143838372408}
  m_Enabled: 1
  m_EditorHideFlags: 0
  m_Script: {fileID: 11500000, guid: d6a7dbb44a48baf4c9c4ee1e496a5db2, type: 3}
  m_Name: 
  m_EditorClassIdentifier: 
  mvnActors: {fileID: 0}
  actorID: 1
  applyRootMotion: 0
  targetModel: []
  currentPose: []
  diffusorePosizioni: {fileID: 0}
  IKSulleMani: 0
  lastPosPelvis: {x: 0, y: 0, z: 0}
--- !u!114 &114970052796027588
MonoBehaviour:
  m_ObjectHideFlags: 1
  m_PrefabParentObject: {fileID: 0}
  m_PrefabInternal: {fileID: 100100000}
  m_GameObject: {fileID: 1295599382337310}
  m_Enabled: 1
  m_EditorHideFlags: 0
  m_Script: {fileID: -765806418, guid: f5f67c52d1564df4a8936ccd202a3bd8, type: 3}
  m_Name: 
  m_EditorClassIdentifier: 
  m_Material: {fileID: 0}
  m_Color: {r: 1, g: 0, b: 0, a: 1}
  m_RaycastTarget: 1
  m_OnCullStateChanged:
    m_PersistentCalls:
      m_Calls: []
    m_TypeName: UnityEngine.UI.MaskableGraphic+CullStateChangedEvent, UnityEngine.UI,
      Version=1.0.0.0, Culture=neutral, PublicKeyToken=null
  m_Sprite: {fileID: 10911, guid: 0000000000000000f000000000000000, type: 0}
  m_Type: 1
  m_PreserveAspect: 0
  m_FillCenter: 1
  m_FillMethod: 4
  m_FillAmount: 1
  m_FillClockwise: 1
  m_FillOrigin: 0
--- !u!114 &114970382684544430
MonoBehaviour:
  m_ObjectHideFlags: 1
  m_PrefabParentObject: {fileID: 0}
  m_PrefabInternal: {fileID: 100100000}
  m_GameObject: {fileID: 1503216678346894}
  m_Enabled: 1
  m_EditorHideFlags: 0
  m_Script: {fileID: 1301386320, guid: f5f67c52d1564df4a8936ccd202a3bd8, type: 3}
  m_Name: 
  m_EditorClassIdentifier: 
  m_IgnoreReversedGraphics: 1
  m_BlockingObjects: 0
  m_BlockingMask:
    serializedVersion: 2
    m_Bits: 4294967295
--- !u!137 &137796121056907134
SkinnedMeshRenderer:
  m_ObjectHideFlags: 1
  m_PrefabParentObject: {fileID: 0}
  m_PrefabInternal: {fileID: 100100000}
  m_GameObject: {fileID: 1272611317751256}
  m_Enabled: 1
  m_CastShadows: 1
  m_ReceiveShadows: 1
  m_MotionVectors: 1
  m_LightProbeUsage: 1
  m_ReflectionProbeUsage: 1
  m_Materials:
  - {fileID: 2100000, guid: 72413b2edd67b604297ae9b7f9d6f9d9, type: 2}
  m_StaticBatchInfo:
    firstSubMesh: 0
    subMeshCount: 0
  m_StaticBatchRoot: {fileID: 0}
  m_ProbeAnchor: {fileID: 0}
  m_LightProbeVolumeOverride: {fileID: 0}
  m_ScaleInLightmap: 1
  m_PreserveUVs: 0
  m_IgnoreNormalsForChartDetection: 0
  m_ImportantGI: 0
  m_SelectedEditorRenderState: 3
  m_MinimumChartSize: 4
  m_AutoUVMaxDistance: 0.5
  m_AutoUVMaxAngle: 89
  m_LightmapParameters: {fileID: 0}
  m_SortingLayerID: 0
  m_SortingLayer: 0
  m_SortingOrder: 0
  serializedVersion: 2
  m_Quality: 0
  m_UpdateWhenOffscreen: 0
  m_SkinnedMotionVectors: 1
  m_Mesh: {fileID: 4300000, guid: 14dcc61943ef965419aa542628af2ce3, type: 3}
  m_Bones:
  - {fileID: 4635627971136838}
  - {fileID: 4067193029496184}
  - {fileID: 4350117631517766}
  - {fileID: 4627401321134746}
  - {fileID: 4892031459233542}
  - {fileID: 4337613528555076}
  - {fileID: 4373374322249528}
  - {fileID: 4359548968210172}
  - {fileID: 4789197189589960}
  - {fileID: 4870433828426206}
  - {fileID: 4378865799440338}
  - {fileID: 4482096090352346}
  - {fileID: 4191232123747850}
  - {fileID: 4859395108530866}
  - {fileID: 4811090698718978}
  - {fileID: 4975353458595464}
  - {fileID: 4014919192110202}
  - {fileID: 4888028979882116}
  - {fileID: 4615708524253414}
  - {fileID: 4615509436408180}
  - {fileID: 4673537643942472}
  - {fileID: 4433886682878366}
  - {fileID: 4958715610517700}
  - {fileID: 4781457520658580}
  - {fileID: 4478350840338286}
  - {fileID: 4890369902797982}
  - {fileID: 4369411295932206}
  - {fileID: 4600586225936118}
  - {fileID: 4546825025630446}
  - {fileID: 4917691988071564}
  - {fileID: 4064206461571616}
  - {fileID: 4871953064576786}
  - {fileID: 4752669759779574}
  - {fileID: 4748910740612600}
  - {fileID: 4462815866079174}
  - {fileID: 4861333391112112}
  - {fileID: 4639896688944338}
  - {fileID: 4734258461390836}
  - {fileID: 4383747081283108}
  - {fileID: 4895339790761098}
  - {fileID: 4334908658115164}
  - {fileID: 4684181730356200}
  - {fileID: 4395316559730004}
  - {fileID: 4085782718997798}
  - {fileID: 4145611663659826}
  - {fileID: 4369665598014096}
  - {fileID: 4419873334968726}
  - {fileID: 4797720506334176}
  - {fileID: 4707580508095958}
  - {fileID: 4638279682340704}
  - {fileID: 4812892727052366}
  - {fileID: 4256176376943262}
  - {fileID: 4307544476222140}
  - {fileID: 4945245741681480}
  - {fileID: 4493429743491832}
  - {fileID: 4782585858881530}
  - {fileID: 4225034115443772}
  m_BlendShapeWeights: []
  m_RootBone: {fileID: 4635627971136838}
  m_AABB:
    m_Center: {x: 0.16166747, y: -0.00040835142, z: 0.026354134}
    m_Extent: {x: 1.0127566, y: 0.970597, z: 0.33040553}
  m_DirtyAABB: 0
--- !u!222 &222283179280546884
CanvasRenderer:
  m_ObjectHideFlags: 1
  m_PrefabParentObject: {fileID: 0}
  m_PrefabInternal: {fileID: 100100000}
  m_GameObject: {fileID: 1295599382337310}
--- !u!222 &222711679572248690
CanvasRenderer:
  m_ObjectHideFlags: 1
  m_PrefabParentObject: {fileID: 0}
  m_PrefabInternal: {fileID: 100100000}
  m_GameObject: {fileID: 1664388363676064}
--- !u!223 &223143067062846154
Canvas:
  m_ObjectHideFlags: 1
  m_PrefabParentObject: {fileID: 0}
  m_PrefabInternal: {fileID: 100100000}
  m_GameObject: {fileID: 1503216678346894}
  m_Enabled: 1
  serializedVersion: 3
  m_RenderMode: 2
  m_Camera: {fileID: 0}
  m_PlaneDistance: 100
  m_PixelPerfect: 0
  m_ReceivesEvents: 1
  m_OverrideSorting: 0
  m_OverridePixelPerfect: 0
  m_SortingBucketNormalizedSize: 0
  m_AdditionalShaderChannelsFlag: 0
  m_SortingLayerID: 0
  m_SortingOrder: 0
  m_TargetDisplay: 0
--- !u!224 &224059020303225288
RectTransform:
  m_ObjectHideFlags: 1
  m_PrefabParentObject: {fileID: 0}
  m_PrefabInternal: {fileID: 100100000}
  m_GameObject: {fileID: 1295599382337310}
  m_LocalRotation: {x: 0, y: 0, z: 0, w: 1}
  m_LocalPosition: {x: 0, y: 0, z: 0}
  m_LocalScale: {x: 1, y: 1, z: 1}
  m_Children:
  - {fileID: 224818392799999696}
  m_Father: {fileID: 224522744517670340}
  m_RootOrder: 0
  m_LocalEulerAnglesHint: {x: 0, y: 0, z: 0}
  m_AnchorMin: {x: 0.5, y: 0.5}
  m_AnchorMax: {x: 0.5, y: 0.5}
  m_AnchoredPosition: {x: 0, y: 0}
  m_SizeDelta: {x: 100, y: 10}
  m_Pivot: {x: 0.5, y: 0.5}
--- !u!224 &224522744517670340
RectTransform:
  m_ObjectHideFlags: 1
  m_PrefabParentObject: {fileID: 0}
  m_PrefabInternal: {fileID: 100100000}
  m_GameObject: {fileID: 1503216678346894}
  m_LocalRotation: {x: -0, y: 0.999688, z: -0.024976602, w: 0}
  m_LocalPosition: {x: 0, y: 0, z: 0}
  m_LocalScale: {x: 0.01, y: 0.010000002, z: 0.010000002}
  m_Children:
  - {fileID: 224059020303225288}
  m_Father: {fileID: 4108282486816330}
  m_RootOrder: 2
  m_LocalEulerAnglesHint: {x: 0, y: 0, z: 0}
  m_AnchorMin: {x: 0.5, y: 0.5}
  m_AnchorMax: {x: 0.5, y: 0.5}
  m_AnchoredPosition: {x: 0, y: 2}
  m_SizeDelta: {x: 100, y: 100}
  m_Pivot: {x: 0.5, y: 0.5}
--- !u!224 &224818392799999696
RectTransform:
  m_ObjectHideFlags: 1
  m_PrefabParentObject: {fileID: 0}
  m_PrefabInternal: {fileID: 100100000}
  m_GameObject: {fileID: 1664388363676064}
  m_LocalRotation: {x: -0, y: -0, z: -0, w: 1}
  m_LocalPosition: {x: 0, y: 0, z: 0}
  m_LocalScale: {x: 1, y: 1, z: 1}
  m_Children: []
  m_Father: {fileID: 224059020303225288}
  m_RootOrder: 0
  m_LocalEulerAnglesHint: {x: 0, y: 0, z: 0}
  m_AnchorMin: {x: 0, y: 0.5}
  m_AnchorMax: {x: 0, y: 0.5}
  m_AnchoredPosition: {x: 0, y: 0}
  m_SizeDelta: {x: 100, y: 10}
  m_Pivot: {x: 0, y: 0.5}
