%YAML 1.1
%TAG !u! tag:unity3d.com,2011:
--- !u!1001 &100100000
Prefab:
  m_ObjectHideFlags: 1
  serializedVersion: 2
  m_Modification:
    m_TransformParent: {fileID: 0}
    m_Modifications: []
    m_RemovedComponents: []
  m_ParentPrefab: {fileID: 0}
  m_RootGameObject: {fileID: 1614099052367614}
  m_IsPrefabParent: 1
--- !u!1 &1008744483123990
GameObject:
  m_ObjectHideFlags: 1
  m_PrefabParentObject: {fileID: 0}
  m_PrefabInternal: {fileID: 100100000}
  serializedVersion: 5
  m_Component:
  - component: {fileID: 4765079626453852}
  m_Layer: 0
  m_Name: mixamorig:RightHandThumb3
  m_TagString: Untagged
  m_Icon: {fileID: 0}
  m_NavMeshLayer: 0
  m_StaticEditorFlags: 0
  m_IsActive: 1
--- !u!1 &1012711148867672
GameObject:
  m_ObjectHideFlags: 1
  m_PrefabParentObject: {fileID: 0}
  m_PrefabInternal: {fileID: 100100000}
  serializedVersion: 5
  m_Component:
  - component: {fileID: 4301026948248072}
  m_Layer: 0
  m_Name: mixamorig:RightHandMiddle1
  m_TagString: Untagged
  m_Icon: {fileID: 0}
  m_NavMeshLayer: 0
  m_StaticEditorFlags: 0
  m_IsActive: 1
--- !u!1 &1021906731625396
GameObject:
  m_ObjectHideFlags: 1
  m_PrefabParentObject: {fileID: 0}
  m_PrefabInternal: {fileID: 100100000}
  serializedVersion: 5
  m_Component:
  - component: {fileID: 4475269435499680}
  m_Layer: 0
  m_Name: mixamorig:RightHandRing2
  m_TagString: Untagged
  m_Icon: {fileID: 0}
  m_NavMeshLayer: 0
  m_StaticEditorFlags: 0
  m_IsActive: 1
--- !u!1 &1036984212416356
GameObject:
  m_ObjectHideFlags: 1
  m_PrefabParentObject: {fileID: 0}
  m_PrefabInternal: {fileID: 100100000}
  serializedVersion: 5
  m_Component:
  - component: {fileID: 4473411240738138}
  m_Layer: 0
  m_Name: mixamorig:HeadTop_End
  m_TagString: Untagged
  m_Icon: {fileID: 0}
  m_NavMeshLayer: 0
  m_StaticEditorFlags: 0
  m_IsActive: 1
--- !u!1 &1048412724846284
GameObject:
  m_ObjectHideFlags: 1
  m_PrefabParentObject: {fileID: 0}
  m_PrefabInternal: {fileID: 100100000}
  serializedVersion: 5
  m_Component:
  - component: {fileID: 4698506374758228}
  m_Layer: 0
  m_Name: mixamorig:Spine
  m_TagString: Untagged
  m_Icon: {fileID: 0}
  m_NavMeshLayer: 0
  m_StaticEditorFlags: 0
  m_IsActive: 1
--- !u!1 &1056425606537294
GameObject:
  m_ObjectHideFlags: 1
  m_PrefabParentObject: {fileID: 0}
  m_PrefabInternal: {fileID: 100100000}
  serializedVersion: 5
  m_Component:
  - component: {fileID: 4423821819276682}
  m_Layer: 0
  m_Name: mixamorig:LeftHandMiddle4
  m_TagString: Untagged
  m_Icon: {fileID: 0}
  m_NavMeshLayer: 0
  m_StaticEditorFlags: 0
  m_IsActive: 1
--- !u!1 &1058568710207300
GameObject:
  m_ObjectHideFlags: 1
  m_PrefabParentObject: {fileID: 0}
  m_PrefabInternal: {fileID: 100100000}
  serializedVersion: 5
  m_Component:
  - component: {fileID: 4088456911802548}
  m_Layer: 0
  m_Name: mixamorig:LeftHandRing4
  m_TagString: Untagged
  m_Icon: {fileID: 0}
  m_NavMeshLayer: 0
  m_StaticEditorFlags: 0
  m_IsActive: 1
--- !u!1 &1069946163774032
GameObject:
  m_ObjectHideFlags: 1
  m_PrefabParentObject: {fileID: 0}
  m_PrefabInternal: {fileID: 100100000}
  serializedVersion: 5
  m_Component:
  - component: {fileID: 4039018877963818}
  m_Layer: 0
  m_Name: mixamorig:LeftHand
  m_TagString: Untagged
  m_Icon: {fileID: 0}
  m_NavMeshLayer: 0
  m_StaticEditorFlags: 0
  m_IsActive: 1
--- !u!1 &1090097950305248
GameObject:
  m_ObjectHideFlags: 1
  m_PrefabParentObject: {fileID: 0}
  m_PrefabInternal: {fileID: 100100000}
  serializedVersion: 5
  m_Component:
  - component: {fileID: 4271951162320348}
  m_Layer: 0
  m_Name: mixamorig:LeftHandIndex4
  m_TagString: Untagged
  m_Icon: {fileID: 0}
  m_NavMeshLayer: 0
  m_StaticEditorFlags: 0
  m_IsActive: 1
--- !u!1 &1095876017281938
GameObject:
  m_ObjectHideFlags: 1
  m_PrefabParentObject: {fileID: 0}
  m_PrefabInternal: {fileID: 100100000}
  serializedVersion: 5
  m_Component:
  - component: {fileID: 4944741695630256}
  m_Layer: 0
  m_Name: mixamorig:LeftHandMiddle1
  m_TagString: Untagged
  m_Icon: {fileID: 0}
  m_NavMeshLayer: 0
  m_StaticEditorFlags: 0
  m_IsActive: 1
--- !u!1 &1098810490401814
GameObject:
  m_ObjectHideFlags: 1
  m_PrefabParentObject: {fileID: 0}
  m_PrefabInternal: {fileID: 100100000}
  serializedVersion: 5
  m_Component:
  - component: {fileID: 4031566245048038}
  m_Layer: 0
  m_Name: mixamorig:RightHandRing4
  m_TagString: Untagged
  m_Icon: {fileID: 0}
  m_NavMeshLayer: 0
  m_StaticEditorFlags: 0
  m_IsActive: 1
--- !u!1 &1104534210446642
GameObject:
  m_ObjectHideFlags: 1
  m_PrefabParentObject: {fileID: 0}
  m_PrefabInternal: {fileID: 100100000}
  serializedVersion: 5
  m_Component:
  - component: {fileID: 4999598470412022}
  m_Layer: 0
  m_Name: mixamorig:RightHandThumb1
  m_TagString: Untagged
  m_Icon: {fileID: 0}
  m_NavMeshLayer: 0
  m_StaticEditorFlags: 0
  m_IsActive: 1
--- !u!1 &1111981383274714
GameObject:
  m_ObjectHideFlags: 1
  m_PrefabParentObject: {fileID: 0}
  m_PrefabInternal: {fileID: 100100000}
  serializedVersion: 5
  m_Component:
  - component: {fileID: 4574564280552776}
  m_Layer: 0
  m_Name: mixamorig:RightHandRing3
  m_TagString: Untagged
  m_Icon: {fileID: 0}
  m_NavMeshLayer: 0
  m_StaticEditorFlags: 0
  m_IsActive: 1
--- !u!1 &1115679918585292
GameObject:
  m_ObjectHideFlags: 1
  m_PrefabParentObject: {fileID: 0}
  m_PrefabInternal: {fileID: 100100000}
  serializedVersion: 5
  m_Component:
  - component: {fileID: 4986212688788080}
  m_Layer: 0
  m_Name: mixamorig:LeftHandThumb2
  m_TagString: Untagged
  m_Icon: {fileID: 0}
  m_NavMeshLayer: 0
  m_StaticEditorFlags: 0
  m_IsActive: 1
--- !u!1 &1124847957923278
GameObject:
  m_ObjectHideFlags: 1
  m_PrefabParentObject: {fileID: 0}
  m_PrefabInternal: {fileID: 100100000}
  serializedVersion: 5
  m_Component:
  - component: {fileID: 4174262689724486}
  m_Layer: 0
  m_Name: mixamorig:RightHandThumb2
  m_TagString: Untagged
  m_Icon: {fileID: 0}
  m_NavMeshLayer: 0
  m_StaticEditorFlags: 0
  m_IsActive: 1
--- !u!1 &1129618732284530
GameObject:
  m_ObjectHideFlags: 1
  m_PrefabParentObject: {fileID: 0}
  m_PrefabInternal: {fileID: 100100000}
  serializedVersion: 5
  m_Component:
  - component: {fileID: 4809072432177332}
  m_Layer: 0
  m_Name: mixamorig:LeftToeBase
  m_TagString: Untagged
  m_Icon: {fileID: 0}
  m_NavMeshLayer: 0
  m_StaticEditorFlags: 0
  m_IsActive: 1
--- !u!1 &1130565423823998
GameObject:
  m_ObjectHideFlags: 1
  m_PrefabParentObject: {fileID: 0}
  m_PrefabInternal: {fileID: 100100000}
  serializedVersion: 5
  m_Component:
  - component: {fileID: 4262553246352766}
  m_Layer: 0
  m_Name: mixamorig:LeftHandThumb4
  m_TagString: Untagged
  m_Icon: {fileID: 0}
  m_NavMeshLayer: 0
  m_StaticEditorFlags: 0
  m_IsActive: 1
--- !u!1 &1138226465478476
GameObject:
  m_ObjectHideFlags: 1
  m_PrefabParentObject: {fileID: 0}
  m_PrefabInternal: {fileID: 100100000}
  serializedVersion: 5
  m_Component:
  - component: {fileID: 4645926378288728}
  m_Layer: 0
  m_Name: mixamorig:LeftUpLeg
  m_TagString: Untagged
  m_Icon: {fileID: 0}
  m_NavMeshLayer: 0
  m_StaticEditorFlags: 0
  m_IsActive: 1
--- !u!1 &1160522569118436
GameObject:
  m_ObjectHideFlags: 1
  m_PrefabParentObject: {fileID: 0}
  m_PrefabInternal: {fileID: 100100000}
  serializedVersion: 5
  m_Component:
  - component: {fileID: 4630853026233078}
  m_Layer: 0
  m_Name: mixamorig:RightForeArm
  m_TagString: Untagged
  m_Icon: {fileID: 0}
  m_NavMeshLayer: 0
  m_StaticEditorFlags: 0
  m_IsActive: 1
--- !u!1 &1203920251973918
GameObject:
  m_ObjectHideFlags: 1
  m_PrefabParentObject: {fileID: 0}
  m_PrefabInternal: {fileID: 100100000}
  serializedVersion: 5
  m_Component:
  - component: {fileID: 4014130177579308}
  m_Layer: 0
  m_Name: mixamorig:LeftHandMiddle3
  m_TagString: Untagged
  m_Icon: {fileID: 0}
  m_NavMeshLayer: 0
  m_StaticEditorFlags: 0
  m_IsActive: 1
--- !u!1 &1225476610451508
GameObject:
  m_ObjectHideFlags: 1
  m_PrefabParentObject: {fileID: 0}
  m_PrefabInternal: {fileID: 100100000}
  serializedVersion: 5
  m_Component:
  - component: {fileID: 4258505859924722}
  m_Layer: 0
  m_Name: mixamorig:Head
  m_TagString: Untagged
  m_Icon: {fileID: 0}
  m_NavMeshLayer: 0
  m_StaticEditorFlags: 0
  m_IsActive: 1
--- !u!1 &1246949752666356
GameObject:
  m_ObjectHideFlags: 1
  m_PrefabParentObject: {fileID: 0}
  m_PrefabInternal: {fileID: 100100000}
  serializedVersion: 5
  m_Component:
  - component: {fileID: 4665327259616368}
  m_Layer: 0
  m_Name: ManoDx
  m_TagString: Untagged
  m_Icon: {fileID: 0}
  m_NavMeshLayer: 0
  m_StaticEditorFlags: 0
  m_IsActive: 1
--- !u!1 &1277604946983236
GameObject:
  m_ObjectHideFlags: 1
  m_PrefabParentObject: {fileID: 0}
  m_PrefabInternal: {fileID: 100100000}
  serializedVersion: 5
  m_Component:
  - component: {fileID: 4223283877721548}
  m_Layer: 0
  m_Name: mixamorig:LeftFoot
  m_TagString: Untagged
  m_Icon: {fileID: 0}
  m_NavMeshLayer: 0
  m_StaticEditorFlags: 0
  m_IsActive: 1
--- !u!1 &1313285152148550
GameObject:
  m_ObjectHideFlags: 1
  m_PrefabParentObject: {fileID: 0}
  m_PrefabInternal: {fileID: 100100000}
  serializedVersion: 5
  m_Component:
  - component: {fileID: 4446422305998080}
  m_Layer: 0
  m_Name: mixamorig:RightHandIndex2
  m_TagString: Untagged
  m_Icon: {fileID: 0}
  m_NavMeshLayer: 0
  m_StaticEditorFlags: 0
  m_IsActive: 1
--- !u!1 &1349173616954382
GameObject:
  m_ObjectHideFlags: 1
  m_PrefabParentObject: {fileID: 0}
  m_PrefabInternal: {fileID: 100100000}
  serializedVersion: 5
  m_Component:
  - component: {fileID: 4465710449619644}
  m_Layer: 0
  m_Name: mixamorig:RightToe_End
  m_TagString: Untagged
  m_Icon: {fileID: 0}
  m_NavMeshLayer: 0
  m_StaticEditorFlags: 0
  m_IsActive: 1
--- !u!1 &1428291602575154
GameObject:
  m_ObjectHideFlags: 1
  m_PrefabParentObject: {fileID: 0}
  m_PrefabInternal: {fileID: 100100000}
  serializedVersion: 5
  m_Component:
  - component: {fileID: 4291170140463206}
  m_Layer: 0
  m_Name: mixamorig:RightHandIndex3
  m_TagString: Untagged
  m_Icon: {fileID: 0}
  m_NavMeshLayer: 0
  m_StaticEditorFlags: 0
  m_IsActive: 1
--- !u!1 &1483412492755840
GameObject:
  m_ObjectHideFlags: 1
  m_PrefabParentObject: {fileID: 0}
  m_PrefabInternal: {fileID: 100100000}
  serializedVersion: 5
  m_Component:
  - component: {fileID: 4030579587622188}
  m_Layer: 0
  m_Name: mixamorig:RightLeg
  m_TagString: Untagged
  m_Icon: {fileID: 0}
  m_NavMeshLayer: 0
  m_StaticEditorFlags: 0
  m_IsActive: 1
--- !u!1 &1507227409737630
GameObject:
  m_ObjectHideFlags: 1
  m_PrefabParentObject: {fileID: 0}
  m_PrefabInternal: {fileID: 100100000}
  serializedVersion: 5
  m_Component:
  - component: {fileID: 4621239414174434}
  m_Layer: 0
  m_Name: mixamorig:LeftHandMiddle2
  m_TagString: Untagged
  m_Icon: {fileID: 0}
  m_NavMeshLayer: 0
  m_StaticEditorFlags: 0
  m_IsActive: 1
--- !u!1 &1508439336747788
GameObject:
  m_ObjectHideFlags: 1
  m_PrefabParentObject: {fileID: 0}
  m_PrefabInternal: {fileID: 100100000}
  serializedVersion: 5
  m_Component:
  - component: {fileID: 4673658132815314}
  m_Layer: 0
  m_Name: mixamorig:RightHandMiddle3
  m_TagString: Untagged
  m_Icon: {fileID: 0}
  m_NavMeshLayer: 0
  m_StaticEditorFlags: 0
  m_IsActive: 1
--- !u!1 &1510889153232254
GameObject:
  m_ObjectHideFlags: 1
  m_PrefabParentObject: {fileID: 0}
  m_PrefabInternal: {fileID: 100100000}
  serializedVersion: 5
  m_Component:
  - component: {fileID: 4564828361842664}
  m_Layer: 0
  m_Name: mixamorig:LeftHandRing1
  m_TagString: Untagged
  m_Icon: {fileID: 0}
  m_NavMeshLayer: 0
  m_StaticEditorFlags: 0
  m_IsActive: 1
--- !u!1 &1518058625788710
GameObject:
  m_ObjectHideFlags: 0
  m_PrefabParentObject: {fileID: 0}
  m_PrefabInternal: {fileID: 100100000}
  serializedVersion: 5
  m_Component:
  - component: {fileID: 4125670430916414}
  m_Layer: 0
  m_Name: mixamorig:Hips
  m_TagString: Untagged
  m_Icon: {fileID: 0}
  m_NavMeshLayer: 0
  m_StaticEditorFlags: 0
  m_IsActive: 1
--- !u!1 &1528310051392082
GameObject:
  m_ObjectHideFlags: 1
  m_PrefabParentObject: {fileID: 0}
  m_PrefabInternal: {fileID: 100100000}
  serializedVersion: 5
  m_Component:
  - component: {fileID: 4451089675283906}
  m_Layer: 0
  m_Name: mixamorig:LeftHandRing2
  m_TagString: Untagged
  m_Icon: {fileID: 0}
  m_NavMeshLayer: 0
  m_StaticEditorFlags: 0
  m_IsActive: 1
--- !u!1 &1541907432226812
GameObject:
  m_ObjectHideFlags: 1
  m_PrefabParentObject: {fileID: 0}
  m_PrefabInternal: {fileID: 100100000}
  serializedVersion: 5
  m_Component:
  - component: {fileID: 4173240905873734}
  m_Layer: 0
  m_Name: mixamorig:LeftForeArm
  m_TagString: Untagged
  m_Icon: {fileID: 0}
  m_NavMeshLayer: 0
  m_StaticEditorFlags: 0
  m_IsActive: 1
--- !u!1 &1545568434832028
GameObject:
  m_ObjectHideFlags: 1
  m_PrefabParentObject: {fileID: 0}
  m_PrefabInternal: {fileID: 100100000}
  serializedVersion: 5
  m_Component:
  - component: {fileID: 4984315727933422}
  m_Layer: 0
  m_Name: mixamorig:Spine2
  m_TagString: Untagged
  m_Icon: {fileID: 0}
  m_NavMeshLayer: 0
  m_StaticEditorFlags: 0
  m_IsActive: 1
--- !u!1 &1559362251513966
GameObject:
  m_ObjectHideFlags: 1
  m_PrefabParentObject: {fileID: 0}
  m_PrefabInternal: {fileID: 100100000}
  serializedVersion: 5
  m_Component:
  - component: {fileID: 4830687554796674}
  m_Layer: 0
  m_Name: mixamorig:RightUpLeg
  m_TagString: Untagged
  m_Icon: {fileID: 0}
  m_NavMeshLayer: 0
  m_StaticEditorFlags: 0
  m_IsActive: 1
--- !u!1 &1566744057149186
GameObject:
  m_ObjectHideFlags: 1
  m_PrefabParentObject: {fileID: 0}
  m_PrefabInternal: {fileID: 100100000}
  serializedVersion: 5
  m_Component:
  - component: {fileID: 4344115610575522}
  m_Layer: 0
  m_Name: mixamorig:RightArm
  m_TagString: Untagged
  m_Icon: {fileID: 0}
  m_NavMeshLayer: 0
  m_StaticEditorFlags: 0
  m_IsActive: 1
--- !u!1 &1584787686409594
GameObject:
  m_ObjectHideFlags: 1
  m_PrefabParentObject: {fileID: 0}
  m_PrefabInternal: {fileID: 100100000}
  serializedVersion: 5
  m_Component:
  - component: {fileID: 4236687748991734}
  m_Layer: 0
  m_Name: mixamorig:RightHandIndex4
  m_TagString: Untagged
  m_Icon: {fileID: 0}
  m_NavMeshLayer: 0
  m_StaticEditorFlags: 0
  m_IsActive: 1
--- !u!1 &1610501640488686
GameObject:
  m_ObjectHideFlags: 1
  m_PrefabParentObject: {fileID: 0}
  m_PrefabInternal: {fileID: 100100000}
  serializedVersion: 5
  m_Component:
  - component: {fileID: 4230953245707770}
  m_Layer: 0
  m_Name: mixamorig:RightHandMiddle2
  m_TagString: Untagged
  m_Icon: {fileID: 0}
  m_NavMeshLayer: 0
  m_StaticEditorFlags: 0
  m_IsActive: 1
--- !u!1 &1614099052367614
GameObject:
  m_ObjectHideFlags: 0
  m_PrefabParentObject: {fileID: 0}
  m_PrefabInternal: {fileID: 100100000}
  serializedVersion: 5
  m_Component:
  - component: {fileID: 4607764159425240}
  - component: {fileID: 95037264116089786}
  - component: {fileID: 114786806570737336}
  - component: {fileID: 114748482762193034}
  - component: {fileID: 114743910646745396}
  - component: {fileID: 114451012343360362}
  - component: {fileID: 195348053300960134}
  - component: {fileID: 136700911706524694}
  - component: {fileID: 54257701007800146}
  - component: {fileID: 114962275864151972}
  - component: {fileID: 114388187837804104}
  m_Layer: 0
  m_Name: VFAutista
  m_TagString: Untagged
  m_Icon: {fileID: 0}
  m_NavMeshLayer: 0
  m_StaticEditorFlags: 0
  m_IsActive: 1
--- !u!1 &1635941284624150
GameObject:
  m_ObjectHideFlags: 1
  m_PrefabParentObject: {fileID: 0}
  m_PrefabInternal: {fileID: 100100000}
  serializedVersion: 5
  m_Component:
  - component: {fileID: 4403300482916304}
  m_Layer: 0
  m_Name: mixamorig:RightFoot
  m_TagString: Untagged
  m_Icon: {fileID: 0}
  m_NavMeshLayer: 0
  m_StaticEditorFlags: 0
  m_IsActive: 1
--- !u!1 &1665626664565872
GameObject:
  m_ObjectHideFlags: 1
  m_PrefabParentObject: {fileID: 0}
  m_PrefabInternal: {fileID: 100100000}
  serializedVersion: 5
  m_Component:
  - component: {fileID: 4365871965345210}
  m_Layer: 0
  m_Name: mixamorig:LeftHandIndex1
  m_TagString: Untagged
  m_Icon: {fileID: 0}
  m_NavMeshLayer: 0
  m_StaticEditorFlags: 0
  m_IsActive: 1
--- !u!1 &1667344118620388
GameObject:
  m_ObjectHideFlags: 1
  m_PrefabParentObject: {fileID: 0}
  m_PrefabInternal: {fileID: 100100000}
  serializedVersion: 5
  m_Component:
  - component: {fileID: 4737301091538082}
  m_Layer: 0
  m_Name: mixamorig:Neck
  m_TagString: Untagged
  m_Icon: {fileID: 0}
  m_NavMeshLayer: 0
  m_StaticEditorFlags: 0
  m_IsActive: 1
--- !u!1 &1669465805253324
GameObject:
  m_ObjectHideFlags: 1
  m_PrefabParentObject: {fileID: 0}
  m_PrefabInternal: {fileID: 100100000}
  serializedVersion: 5
  m_Component:
  - component: {fileID: 4030385361706386}
  m_Layer: 0
  m_Name: mixamorig:LeftLeg
  m_TagString: Untagged
  m_Icon: {fileID: 0}
  m_NavMeshLayer: 0
  m_StaticEditorFlags: 0
  m_IsActive: 1
--- !u!1 &1703014470371038
GameObject:
  m_ObjectHideFlags: 1
  m_PrefabParentObject: {fileID: 0}
  m_PrefabInternal: {fileID: 100100000}
  serializedVersion: 5
  m_Component:
  - component: {fileID: 4915811173107410}
  m_Layer: 0
  m_Name: mixamorig:LeftHandThumb1
  m_TagString: Untagged
  m_Icon: {fileID: 0}
  m_NavMeshLayer: 0
  m_StaticEditorFlags: 0
  m_IsActive: 1
--- !u!1 &1708522774282620
GameObject:
  m_ObjectHideFlags: 1
  m_PrefabParentObject: {fileID: 0}
  m_PrefabInternal: {fileID: 100100000}
  serializedVersion: 5
  m_Component:
  - component: {fileID: 4646342741506854}
  m_Layer: 0
  m_Name: mixamorig:RightHandRing1
  m_TagString: Untagged
  m_Icon: {fileID: 0}
  m_NavMeshLayer: 0
  m_StaticEditorFlags: 0
  m_IsActive: 1
--- !u!1 &1730128692026874
GameObject:
  m_ObjectHideFlags: 0
  m_PrefabParentObject: {fileID: 0}
  m_PrefabInternal: {fileID: 100100000}
  serializedVersion: 5
  m_Component:
  - component: {fileID: 4177922149113260}
  - component: {fileID: 137727632104595798}
  m_Layer: 0
  m_Name: fireman
  m_TagString: Untagged
  m_Icon: {fileID: 0}
  m_NavMeshLayer: 0
  m_StaticEditorFlags: 0
  m_IsActive: 1
--- !u!1 &1739604184412946
GameObject:
  m_ObjectHideFlags: 1
  m_PrefabParentObject: {fileID: 0}
  m_PrefabInternal: {fileID: 100100000}
  serializedVersion: 5
  m_Component:
  - component: {fileID: 4091101901549018}
  m_Layer: 0
  m_Name: mixamorig:RightHandIndex1
  m_TagString: Untagged
  m_Icon: {fileID: 0}
  m_NavMeshLayer: 0
  m_StaticEditorFlags: 0
  m_IsActive: 1
--- !u!1 &1756752534968150
GameObject:
  m_ObjectHideFlags: 1
  m_PrefabParentObject: {fileID: 0}
  m_PrefabInternal: {fileID: 100100000}
  serializedVersion: 5
  m_Component:
  - component: {fileID: 4262013752667812}
  m_Layer: 0
  m_Name: mixamorig:RightHandThumb4
  m_TagString: Untagged
  m_Icon: {fileID: 0}
  m_NavMeshLayer: 0
  m_StaticEditorFlags: 0
  m_IsActive: 1
--- !u!1 &1796516610927584
GameObject:
  m_ObjectHideFlags: 1
  m_PrefabParentObject: {fileID: 0}
  m_PrefabInternal: {fileID: 100100000}
  serializedVersion: 5
  m_Component:
  - component: {fileID: 4851899900704540}
  m_Layer: 0
  m_Name: mixamorig:LeftArm
  m_TagString: Untagged
  m_Icon: {fileID: 0}
  m_NavMeshLayer: 0
  m_StaticEditorFlags: 0
  m_IsActive: 1
--- !u!1 &1844562358098988
GameObject:
  m_ObjectHideFlags: 1
  m_PrefabParentObject: {fileID: 0}
  m_PrefabInternal: {fileID: 100100000}
  serializedVersion: 5
  m_Component:
  - component: {fileID: 4304822808504158}
  m_Layer: 0
  m_Name: mixamorig:LeftShoulder
  m_TagString: Untagged
  m_Icon: {fileID: 0}
  m_NavMeshLayer: 0
  m_StaticEditorFlags: 0
  m_IsActive: 1
--- !u!1 &1846425928641048
GameObject:
  m_ObjectHideFlags: 1
  m_PrefabParentObject: {fileID: 0}
  m_PrefabInternal: {fileID: 100100000}
  serializedVersion: 5
  m_Component:
  - component: {fileID: 4268607207811352}
  m_Layer: 0
  m_Name: mixamorig:LeftHandRing3
  m_TagString: Untagged
  m_Icon: {fileID: 0}
  m_NavMeshLayer: 0
  m_StaticEditorFlags: 0
  m_IsActive: 1
--- !u!1 &1848838447307952
GameObject:
  m_ObjectHideFlags: 1
  m_PrefabParentObject: {fileID: 0}
  m_PrefabInternal: {fileID: 100100000}
  serializedVersion: 5
  m_Component:
  - component: {fileID: 4496813797214302}
  m_Layer: 0
  m_Name: mixamorig:Spine1
  m_TagString: Untagged
  m_Icon: {fileID: 0}
  m_NavMeshLayer: 0
  m_StaticEditorFlags: 0
  m_IsActive: 1
--- !u!1 &1871287431478602
GameObject:
  m_ObjectHideFlags: 1
  m_PrefabParentObject: {fileID: 0}
  m_PrefabInternal: {fileID: 100100000}
  serializedVersion: 5
  m_Component:
  - component: {fileID: 4189530542205844}
  m_Layer: 0
  m_Name: mixamorig:LeftHandThumb3
  m_TagString: Untagged
  m_Icon: {fileID: 0}
  m_NavMeshLayer: 0
  m_StaticEditorFlags: 0
  m_IsActive: 1
--- !u!1 &1894398502240998
GameObject:
  m_ObjectHideFlags: 1
  m_PrefabParentObject: {fileID: 0}
  m_PrefabInternal: {fileID: 100100000}
  serializedVersion: 5
  m_Component:
  - component: {fileID: 4514231153998060}
  m_Layer: 0
  m_Name: mixamorig:RightToeBase
  m_TagString: Untagged
  m_Icon: {fileID: 0}
  m_NavMeshLayer: 0
  m_StaticEditorFlags: 0
  m_IsActive: 1
--- !u!1 &1902948433296862
GameObject:
  m_ObjectHideFlags: 1
  m_PrefabParentObject: {fileID: 0}
  m_PrefabInternal: {fileID: 100100000}
  serializedVersion: 5
  m_Component:
  - component: {fileID: 4928289151291110}
  m_Layer: 0
  m_Name: mixamorig:LeftToe_End
  m_TagString: Untagged
  m_Icon: {fileID: 0}
  m_NavMeshLayer: 0
  m_StaticEditorFlags: 0
  m_IsActive: 1
--- !u!1 &1907276210695894
GameObject:
  m_ObjectHideFlags: 1
  m_PrefabParentObject: {fileID: 0}
  m_PrefabInternal: {fileID: 100100000}
  serializedVersion: 5
  m_Component:
  - component: {fileID: 4522502252981234}
  m_Layer: 0
  m_Name: mixamorig:RightShoulder
  m_TagString: Untagged
  m_Icon: {fileID: 0}
  m_NavMeshLayer: 0
  m_StaticEditorFlags: 0
  m_IsActive: 1
--- !u!1 &1925825874097832
GameObject:
  m_ObjectHideFlags: 1
  m_PrefabParentObject: {fileID: 0}
  m_PrefabInternal: {fileID: 100100000}
  serializedVersion: 5
  m_Component:
  - component: {fileID: 4350237936881056}
  m_Layer: 0
  m_Name: mixamorig:LeftHandIndex3
  m_TagString: Untagged
  m_Icon: {fileID: 0}
  m_NavMeshLayer: 0
  m_StaticEditorFlags: 0
  m_IsActive: 1
--- !u!1 &1943029231639640
GameObject:
  m_ObjectHideFlags: 1
  m_PrefabParentObject: {fileID: 0}
  m_PrefabInternal: {fileID: 100100000}
  serializedVersion: 5
  m_Component:
  - component: {fileID: 4415779033499224}
  m_Layer: 0
  m_Name: mixamorig:RightHand
  m_TagString: Untagged
  m_Icon: {fileID: 0}
  m_NavMeshLayer: 0
  m_StaticEditorFlags: 0
  m_IsActive: 1
--- !u!1 &1946711231947134
GameObject:
  m_ObjectHideFlags: 1
  m_PrefabParentObject: {fileID: 0}
  m_PrefabInternal: {fileID: 100100000}
  serializedVersion: 5
  m_Component:
  - component: {fileID: 4025655942770108}
  m_Layer: 0
  m_Name: mixamorig:RightHandMiddle4
  m_TagString: Untagged
  m_Icon: {fileID: 0}
  m_NavMeshLayer: 0
  m_StaticEditorFlags: 0
  m_IsActive: 1
--- !u!1 &1993991723331602
GameObject:
  m_ObjectHideFlags: 1
  m_PrefabParentObject: {fileID: 0}
  m_PrefabInternal: {fileID: 100100000}
  serializedVersion: 5
  m_Component:
  - component: {fileID: 4370321473282696}
  m_Layer: 0
  m_Name: mixamorig:LeftHandIndex2
  m_TagString: Untagged
  m_Icon: {fileID: 0}
  m_NavMeshLayer: 0
  m_StaticEditorFlags: 0
  m_IsActive: 1
--- !u!4 &4014130177579308
Transform:
  m_ObjectHideFlags: 1
  m_PrefabParentObject: {fileID: 0}
  m_PrefabInternal: {fileID: 100100000}
  m_GameObject: {fileID: 1203920251973918}
  m_LocalRotation: {x: 0.00000004700126, y: 0.0000228139, z: 0.0018687547, w: 0.9999983}
  m_LocalPosition: {x: -0.004498246, y: 3.385823, z: -0.000000016315624}
  m_LocalScale: {x: 1, y: 1, z: 1}
  m_Children:
  - {fileID: 4423821819276682}
  m_Father: {fileID: 4621239414174434}
  m_RootOrder: 0
  m_LocalEulerAnglesHint: {x: 0, y: 0, z: 0}
--- !u!4 &4025655942770108
Transform:
  m_ObjectHideFlags: 1
  m_PrefabParentObject: {fileID: 0}
  m_PrefabInternal: {fileID: 100100000}
  m_GameObject: {fileID: 1946711231947134}
  m_LocalRotation: {x: 0, y: -0, z: -0, w: 1}
  m_LocalPosition: {x: -0.008882882, y: 2.4182346, z: -0.00000000958802}
  m_LocalScale: {x: 1, y: 1, z: 1}
  m_Children: []
  m_Father: {fileID: 4673658132815314}
  m_RootOrder: 0
  m_LocalEulerAnglesHint: {x: 0, y: 0, z: 0}
--- !u!4 &4030385361706386
Transform:
  m_ObjectHideFlags: 1
  m_PrefabParentObject: {fileID: 0}
  m_PrefabInternal: {fileID: 100100000}
  m_GameObject: {fileID: 1669465805253324}
  m_LocalRotation: {x: -0.016074609, y: 0.000016932592, z: 0.009926474, w: 0.99982154}
  m_LocalPosition: {x: 0.00000002675762, y: 44.626904, z: 0.0000000928539}
  m_LocalScale: {x: 1, y: 1, z: 1}
  m_Children:
  - {fileID: 4223283877721548}
  m_Father: {fileID: 4645926378288728}
  m_RootOrder: 0
  m_LocalEulerAnglesHint: {x: 0, y: 0, z: 0}
--- !u!4 &4030579587622188
Transform:
  m_ObjectHideFlags: 1
  m_PrefabParentObject: {fileID: 0}
  m_PrefabInternal: {fileID: 100100000}
  m_GameObject: {fileID: 1483412492755840}
  m_LocalRotation: {x: -0.013325259, y: -0.000054202068, z: -0.0099363355, w: 0.9998619}
  m_LocalPosition: {x: -0.0000000028620855, y: 44.60694, z: -0.00000009846589}
  m_LocalScale: {x: 1, y: 1, z: 1}
  m_Children:
  - {fileID: 4403300482916304}
  m_Father: {fileID: 4830687554796674}
  m_RootOrder: 0
  m_LocalEulerAnglesHint: {x: 0, y: 0, z: 0}
--- !u!4 &4031566245048038
Transform:
  m_ObjectHideFlags: 1
  m_PrefabParentObject: {fileID: 0}
  m_PrefabInternal: {fileID: 100100000}
  m_GameObject: {fileID: 1098810490401814}
  m_LocalRotation: {x: 0, y: -0, z: -0, w: 1}
  m_LocalPosition: {x: -0.010786415, y: 1.7864647, z: 0.000000021204178}
  m_LocalScale: {x: 1, y: 1, z: 1}
  m_Children: []
  m_Father: {fileID: 4574564280552776}
  m_RootOrder: 0
  m_LocalEulerAnglesHint: {x: 0, y: 0, z: 0}
--- !u!4 &4039018877963818
Transform:
  m_ObjectHideFlags: 1
  m_PrefabParentObject: {fileID: 0}
  m_PrefabInternal: {fileID: 100100000}
  m_GameObject: {fileID: 1069946163774032}
  m_LocalRotation: {x: 0.021425866, y: -0.07087052, z: 0.024020746, w: 0.99696606}
  m_LocalPosition: {x: -0.000000065492266, y: 32.649406, z: -0.0000000069477752}
  m_LocalScale: {x: 1, y: 1, z: 1}
  m_Children:
  - {fileID: 4365871965345210}
  - {fileID: 4944741695630256}
  - {fileID: 4564828361842664}
  - {fileID: 4915811173107410}
  m_Father: {fileID: 4173240905873734}
  m_RootOrder: 0
  m_LocalEulerAnglesHint: {x: 0, y: 0, z: 0}
--- !u!4 &4088456911802548
Transform:
  m_ObjectHideFlags: 1
  m_PrefabParentObject: {fileID: 0}
  m_PrefabInternal: {fileID: 100100000}
  m_GameObject: {fileID: 1058568710207300}
  m_LocalRotation: {x: 0, y: -0, z: -0, w: 1}
  m_LocalPosition: {x: -0.000056771903, y: 1.7270368, z: 0.000000021780014}
  m_LocalScale: {x: 1, y: 1, z: 1}
  m_Children: []
  m_Father: {fileID: 4268607207811352}
  m_RootOrder: 0
  m_LocalEulerAnglesHint: {x: 0, y: 0, z: 0}
--- !u!4 &4091101901549018
Transform:
  m_ObjectHideFlags: 1
  m_PrefabParentObject: {fileID: 0}
  m_PrefabInternal: {fileID: 100100000}
  m_GameObject: {fileID: 1739604184412946}
  m_LocalRotation: {x: -0.003094528, y: 0.00007501389, z: 0.00554725, w: 0.99997985}
  m_LocalPosition: {x: -3.526402, y: 13.897712, z: 0.04351313}
  m_LocalScale: {x: 1, y: 1, z: 1}
  m_Children:
  - {fileID: 4446422305998080}
  m_Father: {fileID: 4415779033499224}
  m_RootOrder: 0
  m_LocalEulerAnglesHint: {x: 0, y: 0, z: 0}
--- !u!4 &4125670430916414
Transform:
  m_ObjectHideFlags: 1
  m_PrefabParentObject: {fileID: 0}
  m_PrefabInternal: {fileID: 100100000}
  m_GameObject: {fileID: 1518058625788710}
  m_LocalRotation: {x: -0.0000012740181, y: 0.0000008803634, z: -0.000018909685, w: 1}
  m_LocalPosition: {x: 0.0001357235, y: 104.08923, z: -0.47672567}
  m_LocalScale: {x: 1, y: 1, z: 1}
  m_Children:
  - {fileID: 4645926378288728}
  - {fileID: 4830687554796674}
  - {fileID: 4698506374758228}
  m_Father: {fileID: 4607764159425240}
  m_RootOrder: 1
  m_LocalEulerAnglesHint: {x: 0, y: 0, z: 0}
--- !u!4 &4173240905873734
Transform:
  m_ObjectHideFlags: 1
  m_PrefabParentObject: {fileID: 0}
  m_PrefabInternal: {fileID: 100100000}
  m_GameObject: {fileID: 1541907432226812}
  m_LocalRotation: {x: 0.0000001222327, y: 0.0013660176, z: -0.00000025881482, w: 0.9999991}
  m_LocalPosition: {x: -0.000000004540957, y: 19.874098, z: 0.000000025035606}
  m_LocalScale: {x: 1, y: 1, z: 1}
  m_Children:
  - {fileID: 4039018877963818}
  m_Father: {fileID: 4851899900704540}
  m_RootOrder: 0
  m_LocalEulerAnglesHint: {x: 0, y: 0, z: 0}
--- !u!4 &4174262689724486
Transform:
  m_ObjectHideFlags: 1
  m_PrefabParentObject: {fileID: 0}
  m_PrefabInternal: {fileID: 100100000}
  m_GameObject: {fileID: 1124847957923278}
  m_LocalRotation: {x: -0.0000016312991, y: 0.00008329286, z: 0.059220027, w: 0.99824494}
  m_LocalPosition: {x: -0.3607936, y: 4.590832, z: -0.000000089459334}
  m_LocalScale: {x: 1, y: 1, z: 1}
  m_Children:
  - {fileID: 4765079626453852}
  m_Father: {fileID: 4999598470412022}
  m_RootOrder: 0
  m_LocalEulerAnglesHint: {x: 0, y: 0, z: 0}
--- !u!4 &4177922149113260
Transform:
  m_ObjectHideFlags: 1
  m_PrefabParentObject: {fileID: 0}
  m_PrefabInternal: {fileID: 100100000}
  m_GameObject: {fileID: 1730128692026874}
  m_LocalRotation: {x: -0.7071068, y: 0, z: -0, w: 0.7071067}
  m_LocalPosition: {x: -0, y: 0, z: 0}
  m_LocalScale: {x: 1, y: 1, z: 1}
  m_Children: []
  m_Father: {fileID: 4607764159425240}
  m_RootOrder: 0
  m_LocalEulerAnglesHint: {x: 0, y: 0, z: 0}
--- !u!4 &4189530542205844
Transform:
  m_ObjectHideFlags: 1
  m_PrefabParentObject: {fileID: 0}
  m_PrefabInternal: {fileID: 100100000}
  m_GameObject: {fileID: 1871287431478602}
  m_LocalRotation: {x: 0.0000029282976, y: -0.00010415863, z: 0.05407764, w: 0.99853677}
  m_LocalPosition: {x: -0.3233068, y: 4.0428452, z: -0.00000004857167}
  m_LocalScale: {x: 1, y: 1, z: 1}
  m_Children:
  - {fileID: 4262553246352766}
  m_Father: {fileID: 4986212688788080}
  m_RootOrder: 0
  m_LocalEulerAnglesHint: {x: 0, y: 0, z: 0}
--- !u!4 &4223283877721548
Transform:
  m_ObjectHideFlags: 1
  m_PrefabParentObject: {fileID: 0}
  m_PrefabInternal: {fileID: 100100000}
  m_GameObject: {fileID: 1277604946983236}
  m_LocalRotation: {x: 0.5685754, y: 0.09508788, z: -0.058100943, w: 0.8150489}
  m_LocalPosition: {x: 0.000000054672164, y: 47.187874, z: 0.000000025952772}
  m_LocalScale: {x: 1, y: 1, z: 1}
  m_Children:
  - {fileID: 4809072432177332}
  m_Father: {fileID: 4030385361706386}
  m_RootOrder: 0
  m_LocalEulerAnglesHint: {x: 0, y: 0, z: 0}
--- !u!4 &4230953245707770
Transform:
  m_ObjectHideFlags: 1
  m_PrefabParentObject: {fileID: 0}
  m_PrefabInternal: {fileID: 100100000}
  m_GameObject: {fileID: 1610501640488686}
  m_LocalRotation: {x: -0.00000014681787, y: -0.00000570047, z: -0.00061094825, w: 0.9999998}
  m_LocalPosition: {x: 0.0071701896, y: 3.541057, z: -0.0000000011921838}
  m_LocalScale: {x: 1, y: 1, z: 1}
  m_Children:
  - {fileID: 4673658132815314}
  m_Father: {fileID: 4301026948248072}
  m_RootOrder: 0
  m_LocalEulerAnglesHint: {x: 0, y: 0, z: 0}
--- !u!4 &4236687748991734
Transform:
  m_ObjectHideFlags: 1
  m_PrefabParentObject: {fileID: 0}
  m_PrefabInternal: {fileID: 100100000}
  m_GameObject: {fileID: 1584787686409594}
  m_LocalRotation: {x: 0, y: -0, z: -0, w: 1}
  m_LocalPosition: {x: 0.0010921645, y: 1.9091257, z: 0.000000013043118}
  m_LocalScale: {x: 1, y: 1, z: 1}
  m_Children: []
  m_Father: {fileID: 4291170140463206}
  m_RootOrder: 0
  m_LocalEulerAnglesHint: {x: 0, y: 0, z: 0}
--- !u!4 &4258505859924722
Transform:
  m_ObjectHideFlags: 1
  m_PrefabParentObject: {fileID: 0}
  m_PrefabInternal: {fileID: 100100000}
  m_GameObject: {fileID: 1225476610451508}
  m_LocalRotation: {x: 0, y: 0, z: 1.0752476e-31, w: 1}
  m_LocalPosition: {x: -0, y: 4.1496873, z: 1.6938958}
  m_LocalScale: {x: 1, y: 1, z: 1}
  m_Children:
  - {fileID: 4473411240738138}
  m_Father: {fileID: 4737301091538082}
  m_RootOrder: 0
  m_LocalEulerAnglesHint: {x: 0, y: 0, z: 0}
--- !u!4 &4262013752667812
Transform:
  m_ObjectHideFlags: 1
  m_PrefabParentObject: {fileID: 0}
  m_PrefabInternal: {fileID: 100100000}
  m_GameObject: {fileID: 1756752534968150}
  m_LocalRotation: {x: 0, y: -0, z: -0, w: 1}
  m_LocalPosition: {x: 0.21122602, y: 2.8659244, z: -0.000000022491603}
  m_LocalScale: {x: 1, y: 1, z: 1}
  m_Children: []
  m_Father: {fileID: 4765079626453852}
  m_RootOrder: 0
  m_LocalEulerAnglesHint: {x: 0, y: 0, z: 0}
--- !u!4 &4262553246352766
Transform:
  m_ObjectHideFlags: 1
  m_PrefabParentObject: {fileID: 0}
  m_PrefabInternal: {fileID: 100100000}
  m_GameObject: {fileID: 1130565423823998}
  m_LocalRotation: {x: 0, y: -0, z: -0, w: 1}
  m_LocalPosition: {x: 0.10417917, y: 3.666297, z: 0.000000028216036}
  m_LocalScale: {x: 1, y: 1, z: 1}
  m_Children: []
  m_Father: {fileID: 4189530542205844}
  m_RootOrder: 0
  m_LocalEulerAnglesHint: {x: 0, y: 0, z: 0}
--- !u!4 &4268607207811352
Transform:
  m_ObjectHideFlags: 1
  m_PrefabParentObject: {fileID: 0}
  m_PrefabInternal: {fileID: 100100000}
  m_GameObject: {fileID: 1846425928641048}
  m_LocalRotation: {x: 0.00000020206001, y: -0.000036897447, z: -0.0010792917, w: 0.9999994}
  m_LocalPosition: {x: 0.005015339, y: 2.3590505, z: 0.0000000010221811}
  m_LocalScale: {x: 1, y: 1, z: 1}
  m_Children:
  - {fileID: 4088456911802548}
  m_Father: {fileID: 4451089675283906}
  m_RootOrder: 0
  m_LocalEulerAnglesHint: {x: 0, y: 0, z: 0}
--- !u!4 &4271951162320348
Transform:
  m_ObjectHideFlags: 1
  m_PrefabParentObject: {fileID: 0}
  m_PrefabInternal: {fileID: 100100000}
  m_GameObject: {fileID: 1090097950305248}
  m_LocalRotation: {x: 0, y: -0, z: -0, w: 1}
  m_LocalPosition: {x: 0.0024328546, y: 1.7064549, z: 0.0000000020117659}
  m_LocalScale: {x: 1, y: 1, z: 1}
  m_Children: []
  m_Father: {fileID: 4350237936881056}
  m_RootOrder: 0
  m_LocalEulerAnglesHint: {x: 0, y: 0, z: 0}
--- !u!4 &4291170140463206
Transform:
  m_ObjectHideFlags: 1
  m_PrefabParentObject: {fileID: 0}
  m_PrefabInternal: {fileID: 100100000}
  m_GameObject: {fileID: 1428291602575154}
  m_LocalRotation: {x: -0.00000031720052, y: -0.0000007152146, z: 0.000028043984,
    w: 1}
  m_LocalPosition: {x: 0.0012846326, y: 2.49031, z: -0.000000020170573}
  m_LocalScale: {x: 1, y: 1, z: 1}
  m_Children:
  - {fileID: 4236687748991734}
  m_Father: {fileID: 4446422305998080}
  m_RootOrder: 0
  m_LocalEulerAnglesHint: {x: 0, y: 0, z: 0}
--- !u!4 &4301026948248072
Transform:
  m_ObjectHideFlags: 1
  m_PrefabParentObject: {fileID: 0}
  m_PrefabInternal: {fileID: 100100000}
  m_GameObject: {fileID: 1012711148867672}
  m_LocalRotation: {x: -0.003091532, y: -0.0004912423, z: 0.007006609, w: 0.99997056}
  m_LocalPosition: {x: -0.16286513, y: 13.587277, z: -0.08407761}
  m_LocalScale: {x: 1, y: 1, z: 1}
  m_Children:
  - {fileID: 4230953245707770}
  m_Father: {fileID: 4415779033499224}
  m_RootOrder: 1
  m_LocalEulerAnglesHint: {x: 0, y: 0, z: 0}
--- !u!4 &4304822808504158
Transform:
  m_ObjectHideFlags: 1
  m_PrefabParentObject: {fileID: 0}
  m_PrefabInternal: {fileID: 100100000}
  m_GameObject: {fileID: 1844562358098988}
  m_LocalRotation: {x: 0.5616064, y: -0.42841902, z: 0.56660104, w: 0.42428622}
  m_LocalPosition: {x: -7.408781, y: 13.251767, z: -0.062941425}
  m_LocalScale: {x: 1, y: 1, z: 1}
  m_Children:
  - {fileID: 4851899900704540}
  m_Father: {fileID: 4984315727933422}
  m_RootOrder: 0
  m_LocalEulerAnglesHint: {x: 0, y: 0, z: 0}
--- !u!4 &4344115610575522
Transform:
  m_ObjectHideFlags: 1
  m_PrefabParentObject: {fileID: 0}
  m_PrefabInternal: {fileID: 100100000}
  m_GameObject: {fileID: 1566744057149186}
  m_LocalRotation: {x: -0.13489491, y: -0.0014238416, z: 0.028267363, w: 0.9904556}
  m_LocalPosition: {x: 0.000000045962047, y: 15.850041, z: 0.00000030842733}
  m_LocalScale: {x: 1, y: 1, z: 1}
  m_Children:
  - {fileID: 4630853026233078}
  m_Father: {fileID: 4522502252981234}
  m_RootOrder: 0
  m_LocalEulerAnglesHint: {x: 0, y: 0, z: 0}
--- !u!4 &4350237936881056
Transform:
  m_ObjectHideFlags: 1
  m_PrefabParentObject: {fileID: 0}
  m_PrefabInternal: {fileID: 100100000}
  m_GameObject: {fileID: 1925825874097832}
  m_LocalRotation: {x: -0.0000004798303, y: 0.000008357353, z: 0.0012277067, w: 0.9999993}
  m_LocalPosition: {x: -0.0022644827, y: 2.1984499, z: 8.4170093e-10}
  m_LocalScale: {x: 1, y: 1, z: 1}
  m_Children:
  - {fileID: 4271951162320348}
  m_Father: {fileID: 4370321473282696}
  m_RootOrder: 0
  m_LocalEulerAnglesHint: {x: 0, y: 0, z: 0}
--- !u!4 &4365871965345210
Transform:
  m_ObjectHideFlags: 1
  m_PrefabParentObject: {fileID: 0}
  m_PrefabInternal: {fileID: 100100000}
  m_GameObject: {fileID: 1665626664565872}
  m_LocalRotation: {x: -0.023086911, y: -0.00052387035, z: -0.022464622, w: 0.9994809}
  m_LocalPosition: {x: 3.3560967, y: 14.840154, z: -0.1295542}
  m_LocalScale: {x: 1, y: 1, z: 1}
  m_Children:
  - {fileID: 4370321473282696}
  m_Father: {fileID: 4039018877963818}
  m_RootOrder: 0
  m_LocalEulerAnglesHint: {x: 0, y: 0, z: 0}
--- !u!4 &4370321473282696
Transform:
  m_ObjectHideFlags: 1
  m_PrefabParentObject: {fileID: 0}
  m_PrefabInternal: {fileID: 100100000}
  m_GameObject: {fileID: 1993991723331602}
  m_LocalRotation: {x: 0.00000015795983, y: 0.000009681251, z: -0.00047963858, w: 0.9999999}
  m_LocalPosition: {x: -0.00016833232, y: 2.3832712, z: 0.000000002634115}
  m_LocalScale: {x: 1, y: 1, z: 1}
  m_Children:
  - {fileID: 4350237936881056}
  m_Father: {fileID: 4365871965345210}
  m_RootOrder: 0
  m_LocalEulerAnglesHint: {x: 0, y: 0, z: 0}
--- !u!4 &4403300482916304
Transform:
  m_ObjectHideFlags: 1
  m_PrefabParentObject: {fileID: 0}
  m_PrefabInternal: {fileID: 100100000}
  m_GameObject: {fileID: 1635941284624150}
  m_LocalRotation: {x: 0.56646436, y: -0.092483334, z: 0.057147626, w: 0.8168838}
  m_LocalPosition: {x: -0.00000004923634, y: 47.16712, z: 0.0000000469502}
  m_LocalScale: {x: 1, y: 1, z: 1}
  m_Children:
  - {fileID: 4514231153998060}
  m_Father: {fileID: 4030579587622188}
  m_RootOrder: 0
  m_LocalEulerAnglesHint: {x: 0, y: 0, z: 0}
--- !u!4 &4415779033499224
Transform:
  m_ObjectHideFlags: 1
  m_PrefabParentObject: {fileID: 0}
  m_PrefabInternal: {fileID: 100100000}
  m_GameObject: {fileID: 1943029231639640}
  m_LocalRotation: {x: 0.0026739065, y: 0.06882081, z: -0.006191261, w: 0.9976063}
  m_LocalPosition: {x: 0.000000020886159, y: 32.562405, z: -0.000000016995145}
  m_LocalScale: {x: 1, y: 1, z: 1}
  m_Children:
  - {fileID: 4091101901549018}
  - {fileID: 4301026948248072}
  - {fileID: 4646342741506854}
  - {fileID: 4999598470412022}
  - {fileID: 4665327259616368}
  m_Father: {fileID: 4630853026233078}
  m_RootOrder: 0
  m_LocalEulerAnglesHint: {x: 0, y: 0, z: 0}
--- !u!4 &4423821819276682
Transform:
  m_ObjectHideFlags: 1
  m_PrefabParentObject: {fileID: 0}
  m_PrefabInternal: {fileID: 100100000}
  m_GameObject: {fileID: 1056425606537294}
  m_LocalRotation: {x: 0, y: -0, z: -0, w: 1}
  m_LocalPosition: {x: 0.008660575, y: 3.5950677, z: 0.000000011788652}
  m_LocalScale: {x: 1, y: 1, z: 1}
  m_Children: []
  m_Father: {fileID: 4014130177579308}
  m_RootOrder: 0
  m_LocalEulerAnglesHint: {x: 0, y: 0, z: 0}
--- !u!4 &4446422305998080
Transform:
  m_ObjectHideFlags: 1
  m_PrefabParentObject: {fileID: 0}
  m_PrefabInternal: {fileID: 100100000}
  m_GameObject: {fileID: 1313285152148550}
  m_LocalRotation: {x: -0.00000042791925, y: -0.000002400545, z: 0.0007036328, w: 0.99999976}
  m_LocalPosition: {x: -0.0023768002, y: 2.667122, z: -0.000000012634064}
  m_LocalScale: {x: 1, y: 1, z: 1}
  m_Children:
  - {fileID: 4291170140463206}
  m_Father: {fileID: 4091101901549018}
  m_RootOrder: 0
  m_LocalEulerAnglesHint: {x: 0, y: 0, z: 0}
--- !u!4 &4451089675283906
Transform:
  m_ObjectHideFlags: 1
  m_PrefabParentObject: {fileID: 0}
  m_PrefabInternal: {fileID: 100100000}
  m_GameObject: {fileID: 1528310051392082}
  m_LocalRotation: {x: 0.00000018801671, y: 0.00000029736447, z: 0.0021195414, w: 0.9999978}
  m_LocalPosition: {x: -0.0049585183, y: 2.346396, z: 0.00000001951208}
  m_LocalScale: {x: 1, y: 1, z: 1}
  m_Children:
  - {fileID: 4268607207811352}
  m_Father: {fileID: 4564828361842664}
  m_RootOrder: 0
  m_LocalEulerAnglesHint: {x: 0, y: 0, z: 0}
--- !u!4 &4465710449619644
Transform:
  m_ObjectHideFlags: 1
  m_PrefabParentObject: {fileID: 0}
  m_PrefabInternal: {fileID: 100100000}
  m_GameObject: {fileID: 1349173616954382}
  m_LocalRotation: {x: 0, y: -0, z: -0, w: 1}
  m_LocalPosition: {x: -0.000000025038162, y: 7.7823796, z: -6.2822254e-11}
  m_LocalScale: {x: 1, y: 1, z: 1}
  m_Children: []
  m_Father: {fileID: 4514231153998060}
  m_RootOrder: 0
  m_LocalEulerAnglesHint: {x: 0, y: 0, z: 0}
--- !u!4 &4473411240738138
Transform:
  m_ObjectHideFlags: 1
  m_PrefabParentObject: {fileID: 0}
  m_PrefabInternal: {fileID: 100100000}
  m_GameObject: {fileID: 1036984212416356}
  m_LocalRotation: {x: 0, y: -0, z: -0, w: 1}
  m_LocalPosition: {x: -0, y: 31.264902, z: 12.762286}
  m_LocalScale: {x: 1, y: 1, z: 1}
  m_Children: []
  m_Father: {fileID: 4258505859924722}
  m_RootOrder: 0
  m_LocalEulerAnglesHint: {x: 0, y: 0, z: 0}
--- !u!4 &4475269435499680
Transform:
  m_ObjectHideFlags: 1
  m_PrefabParentObject: {fileID: 0}
  m_PrefabInternal: {fileID: 100100000}
  m_GameObject: {fileID: 1021906731625396}
  m_LocalRotation: {x: 0.0000003238533, y: 0.000091445814, z: 0.0020742167, w: 0.99999785}
  m_LocalPosition: {x: 0.00027814193, y: 2.5470183, z: -0.000000008221504}
  m_LocalScale: {x: 1, y: 1, z: 1}
  m_Children:
  - {fileID: 4574564280552776}
  m_Father: {fileID: 4646342741506854}
  m_RootOrder: 0
  m_LocalEulerAnglesHint: {x: 0, y: 0, z: 0}
--- !u!4 &4496813797214302
Transform:
  m_ObjectHideFlags: 1
  m_PrefabParentObject: {fileID: 0}
  m_PrefabInternal: {fileID: 100100000}
  m_GameObject: {fileID: 1848838447307952}
  m_LocalRotation: {x: 8.113529e-26, y: -1.2060666e-13, z: 6.727264e-13, w: 1}
  m_LocalPosition: {x: -0, y: 11.936595, z: 0.000000053959027}
  m_LocalScale: {x: 1, y: 1, z: 1}
  m_Children:
  - {fileID: 4984315727933422}
  m_Father: {fileID: 4698506374758228}
  m_RootOrder: 0
  m_LocalEulerAnglesHint: {x: 0, y: 0, z: 0}
--- !u!4 &4514231153998060
Transform:
  m_ObjectHideFlags: 1
  m_PrefabParentObject: {fileID: 0}
  m_PrefabInternal: {fileID: 100100000}
  m_GameObject: {fileID: 1894398502240998}
  m_LocalRotation: {x: 0.20038669, y: 0.000044716122, z: 0.00021867618, w: 0.9797169}
  m_LocalPosition: {x: 0.00000008059403, y: 17.35155, z: -0.00000019074561}
  m_LocalScale: {x: 1, y: 1, z: 1}
  m_Children:
  - {fileID: 4465710449619644}
  m_Father: {fileID: 4403300482916304}
  m_RootOrder: 0
  m_LocalEulerAnglesHint: {x: 0, y: 0, z: 0}
--- !u!4 &4522502252981234
Transform:
  m_ObjectHideFlags: 1
  m_PrefabParentObject: {fileID: 0}
  m_PrefabInternal: {fileID: 100100000}
  m_GameObject: {fileID: 1907276210695894}
  m_LocalRotation: {x: -0.54703, y: -0.43952772, z: 0.57846445, w: -0.41587555}
  m_LocalPosition: {x: 7.408781, y: 13.292576, z: -0.41630024}
  m_LocalScale: {x: 1, y: 1, z: 1}
  m_Children:
  - {fileID: 4344115610575522}
  m_Father: {fileID: 4984315727933422}
  m_RootOrder: 2
  m_LocalEulerAnglesHint: {x: 0, y: 0, z: 0}
--- !u!4 &4564828361842664
Transform:
  m_ObjectHideFlags: 1
  m_PrefabParentObject: {fileID: 0}
  m_PrefabInternal: {fileID: 100100000}
  m_GameObject: {fileID: 1510889153232254}
  m_LocalRotation: {x: -0.023054812, y: 0.0009302691, z: -0.023519702, w: 0.9994571}
  m_LocalPosition: {x: -3.7258666, y: 10.51348, z: 0.015514312}
  m_LocalScale: {x: 1, y: 1, z: 1}
  m_Children:
  - {fileID: 4451089675283906}
  m_Father: {fileID: 4039018877963818}
  m_RootOrder: 2
  m_LocalEulerAnglesHint: {x: 0, y: 0, z: 0}
--- !u!4 &4574564280552776
Transform:
  m_ObjectHideFlags: 1
  m_PrefabParentObject: {fileID: 0}
  m_PrefabInternal: {fileID: 100100000}
  m_GameObject: {fileID: 1111981383274714}
  m_LocalRotation: {x: 0.00000032357795, y: 0.000090332425, z: -0.0051476974, w: 0.99998677}
  m_LocalPosition: {x: 0.010508274, y: 2.4679468, z: 0.000000004143894}
  m_LocalScale: {x: 1, y: 1, z: 1}
  m_Children:
  - {fileID: 4031566245048038}
  m_Father: {fileID: 4475269435499680}
  m_RootOrder: 0
  m_LocalEulerAnglesHint: {x: 0, y: 0, z: 0}
--- !u!4 &4607764159425240
Transform:
  m_ObjectHideFlags: 1
  m_PrefabParentObject: {fileID: 0}
  m_PrefabInternal: {fileID: 100100000}
  m_GameObject: {fileID: 1614099052367614}
  m_LocalRotation: {x: 0, y: 0, z: 0, w: 1}
  m_LocalPosition: {x: 3.112, y: 0, z: 0}
  m_LocalScale: {x: 0.01, y: 0.01, z: 0.01}
  m_Children:
  - {fileID: 4177922149113260}
  - {fileID: 4125670430916414}
  m_Father: {fileID: 0}
  m_RootOrder: 0
  m_LocalEulerAnglesHint: {x: 0, y: 0, z: 0}
--- !u!4 &4621239414174434
Transform:
  m_ObjectHideFlags: 1
  m_PrefabParentObject: {fileID: 0}
  m_PrefabInternal: {fileID: 100100000}
  m_GameObject: {fileID: 1507227409737630}
  m_LocalRotation: {x: 0.00000012934382, y: 0.000004895384, z: -0.00034421706, w: 0.99999994}
  m_LocalPosition: {x: -0.0041623004, y: 6.5050454, z: -0.000000024339606}
  m_LocalScale: {x: 1, y: 1, z: 1}
  m_Children:
  - {fileID: 4014130177579308}
  m_Father: {fileID: 4944741695630256}
  m_RootOrder: 0
  m_LocalEulerAnglesHint: {x: 0, y: 0, z: 0}
--- !u!4 &4630853026233078
Transform:
  m_ObjectHideFlags: 1
  m_PrefabParentObject: {fileID: 0}
  m_PrefabInternal: {fileID: 100100000}
  m_GameObject: {fileID: 1160522569118436}
  m_LocalRotation: {x: 0.00000025112726, y: -0.0009917906, z: 0.00000030157958, w: 0.9999995}
  m_LocalPosition: {x: 0.000000015064796, y: 19.873766, z: 0.000000024189303}
  m_LocalScale: {x: 1, y: 1, z: 1}
  m_Children:
  - {fileID: 4415779033499224}
  m_Father: {fileID: 4344115610575522}
  m_RootOrder: 0
  m_LocalEulerAnglesHint: {x: 0, y: 0, z: 0}
--- !u!4 &4645926378288728
Transform:
  m_ObjectHideFlags: 1
  m_PrefabParentObject: {fileID: 0}
  m_PrefabInternal: {fileID: 100100000}
  m_GameObject: {fileID: 1138226465478476}
  m_LocalRotation: {x: -0.00048433949, y: -0.009859498, z: 0.9999377, w: 0.0052093896}
  m_LocalPosition: {x: -9.13114, y: -5.652588, z: 0.9334811}
  m_LocalScale: {x: 1, y: 1, z: 1}
  m_Children:
  - {fileID: 4030385361706386}
  m_Father: {fileID: 4125670430916414}
  m_RootOrder: 0
  m_LocalEulerAnglesHint: {x: 0, y: 0, z: 0}
--- !u!4 &4646342741506854
Transform:
  m_ObjectHideFlags: 1
  m_PrefabParentObject: {fileID: 0}
  m_PrefabInternal: {fileID: 100100000}
  m_GameObject: {fileID: 1708522774282620}
  m_LocalRotation: {x: -0.0030807776, y: -0.002238819, z: 0.0060548163, w: 0.9999744}
  m_LocalPosition: {x: 3.689267, y: 10.273863, z: 0.10217776}
  m_LocalScale: {x: 1, y: 1, z: 1}
  m_Children:
  - {fileID: 4475269435499680}
  m_Father: {fileID: 4415779033499224}
  m_RootOrder: 2
  m_LocalEulerAnglesHint: {x: 0, y: 0, z: 0}
--- !u!4 &4665327259616368
Transform:
  m_ObjectHideFlags: 1
  m_PrefabParentObject: {fileID: 0}
  m_PrefabInternal: {fileID: 100100000}
  m_GameObject: {fileID: 1246949752666356}
  m_LocalRotation: {x: -0.0052465494, y: 0.0012191014, z: -0.0025975634, w: 0.9999821}
  m_LocalPosition: {x: -0.14856835, y: 0.050998393, z: 0.024336537}
  m_LocalScale: {x: 99.999985, y: 100, z: 99.99999}
  m_Children: []
  m_Father: {fileID: 4415779033499224}
  m_RootOrder: 4
  m_LocalEulerAnglesHint: {x: 0, y: 0, z: 0}
--- !u!4 &4673658132815314
Transform:
  m_ObjectHideFlags: 1
  m_PrefabParentObject: {fileID: 0}
  m_PrefabInternal: {fileID: 100100000}
  m_GameObject: {fileID: 1508439336747788}
  m_LocalRotation: {x: 0.00000009371156, y: 0.00007249674, z: -0.002238037, w: 0.9999975}
  m_LocalPosition: {x: 0.0017127311, y: 2.1336532, z: -3.5624906e-10}
  m_LocalScale: {x: 1, y: 1, z: 1}
  m_Children:
  - {fileID: 4025655942770108}
  m_Father: {fileID: 4230953245707770}
  m_RootOrder: 0
  m_LocalEulerAnglesHint: {x: 0, y: 0, z: 0}
--- !u!4 &4698506374758228
Transform:
  m_ObjectHideFlags: 1
  m_PrefabParentObject: {fileID: 0}
  m_PrefabInternal: {fileID: 100100000}
  m_GameObject: {fileID: 1048412724846284}
  m_LocalRotation: {x: -0.05745556, y: -0.0000019654005, z: 0.000018827861, w: 0.99834806}
  m_LocalPosition: {x: -0, y: 10.163818, z: -1.1737818}
  m_LocalScale: {x: 1, y: 1, z: 1}
  m_Children:
  - {fileID: 4496813797214302}
  m_Father: {fileID: 4125670430916414}
  m_RootOrder: 2
  m_LocalEulerAnglesHint: {x: 0, y: 0, z: 0}
--- !u!4 &4737301091538082
Transform:
  m_ObjectHideFlags: 1
  m_PrefabParentObject: {fileID: 0}
  m_PrefabInternal: {fileID: 100100000}
  m_GameObject: {fileID: 1667344118620388}
  m_LocalRotation: {x: 0.057456825, y: 2.9498332e-14, z: 2.2944748e-13, w: 0.998348}
  m_LocalPosition: {x: -0, y: 15.347053, z: 0.0000004872877}
  m_LocalScale: {x: 1, y: 1, z: 1}
  m_Children:
  - {fileID: 4258505859924722}
  m_Father: {fileID: 4984315727933422}
  m_RootOrder: 1
  m_LocalEulerAnglesHint: {x: 0, y: 0, z: 0}
--- !u!4 &4765079626453852
Transform:
  m_ObjectHideFlags: 1
  m_PrefabParentObject: {fileID: 0}
  m_PrefabInternal: {fileID: 100100000}
  m_GameObject: {fileID: 1008744483123990}
  m_LocalRotation: {x: -0.000037226695, y: -0.0006553118, z: 0.016743753, w: 0.99985963}
  m_LocalPosition: {x: 0.14956783, y: 3.729706, z: 0.000000017820858}
  m_LocalScale: {x: 1, y: 1, z: 1}
  m_Children:
  - {fileID: 4262013752667812}
  m_Father: {fileID: 4174262689724486}
  m_RootOrder: 0
  m_LocalEulerAnglesHint: {x: 0, y: 0, z: 0}
--- !u!4 &4809072432177332
Transform:
  m_ObjectHideFlags: 1
  m_PrefabParentObject: {fileID: 0}
  m_PrefabInternal: {fileID: 100100000}
  m_GameObject: {fileID: 1129618732284530}
  m_LocalRotation: {x: 0.20550928, y: -0.001080898, z: 0.0002269671, w: 0.97865456}
  m_LocalPosition: {x: 0.000000011577762, y: 16.933874, z: 0.000000142138}
  m_LocalScale: {x: 1, y: 1, z: 1}
  m_Children:
  - {fileID: 4928289151291110}
  m_Father: {fileID: 4223283877721548}
  m_RootOrder: 0
  m_LocalEulerAnglesHint: {x: 0, y: 0, z: 0}
--- !u!4 &4830687554796674
Transform:
  m_ObjectHideFlags: 1
  m_PrefabParentObject: {fileID: 0}
  m_PrefabInternal: {fileID: 100100000}
  m_GameObject: {fileID: 1559362251513966}
  m_LocalRotation: {x: 0.00042916855, y: -0.0045723836, z: 0.9999757, w: -0.00524809}
  m_LocalPosition: {x: 9.13114, y: -5.652588, z: -0.29691863}
  m_LocalScale: {x: 1, y: 1, z: 1}
  m_Children:
  - {fileID: 4030579587622188}
  m_Father: {fileID: 4125670430916414}
  m_RootOrder: 1
  m_LocalEulerAnglesHint: {x: 0, y: 0, z: 0}
--- !u!4 &4851899900704540
Transform:
  m_ObjectHideFlags: 1
  m_PrefabParentObject: {fileID: 0}
  m_PrefabInternal: {fileID: 100100000}
  m_GameObject: {fileID: 1796516610927584}
  m_LocalRotation: {x: -0.13773914, y: 0.0016580522, z: -0.0048540616, w: 0.9904553}
  m_LocalPosition: {x: -0.0000000044710577, y: 15.850043, z: -0.00000008306286}
  m_LocalScale: {x: 1, y: 1, z: 1}
  m_Children:
  - {fileID: 4173240905873734}
  m_Father: {fileID: 4304822808504158}
  m_RootOrder: 0
  m_LocalEulerAnglesHint: {x: 0, y: 0, z: 0}
--- !u!4 &4915811173107410
Transform:
  m_ObjectHideFlags: 1
  m_PrefabParentObject: {fileID: 0}
  m_PrefabInternal: {fileID: 100100000}
  m_GameObject: {fileID: 1703014470371038}
  m_LocalRotation: {x: 0.18871835, y: -0.08463015, z: -0.25123304, w: 0.9455713}
  m_LocalPosition: {x: 3.148123, y: 3.3966327, z: 1.5061375}
  m_LocalScale: {x: 1, y: 1, z: 1}
  m_Children:
  - {fileID: 4986212688788080}
  m_Father: {fileID: 4039018877963818}
  m_RootOrder: 3
  m_LocalEulerAnglesHint: {x: 0, y: 0, z: 0}
--- !u!4 &4928289151291110
Transform:
  m_ObjectHideFlags: 1
  m_PrefabParentObject: {fileID: 0}
  m_PrefabInternal: {fileID: 100100000}
  m_GameObject: {fileID: 1902948433296862}
  m_LocalRotation: {x: 0, y: -0, z: -0, w: 1}
  m_LocalPosition: {x: 0.00000007350223, y: 7.6314287, z: 5.423419e-10}
  m_LocalScale: {x: 1, y: 1, z: 1}
  m_Children: []
  m_Father: {fileID: 4809072432177332}
  m_RootOrder: 0
  m_LocalEulerAnglesHint: {x: 0, y: 0, z: 0}
--- !u!4 &4944741695630256
Transform:
  m_ObjectHideFlags: 1
  m_PrefabParentObject: {fileID: 0}
  m_PrefabInternal: {fileID: 100100000}
  m_GameObject: {fileID: 1095876017281938}
  m_LocalRotation: {x: -0.023065077, y: 0.00044742334, z: -0.022771448, w: 0.9994745}
  m_LocalPosition: {x: 0.3697701, y: 8.2258, z: -0.38021958}
  m_LocalScale: {x: 1, y: 1, z: 1}
  m_Children:
  - {fileID: 4621239414174434}
  m_Father: {fileID: 4039018877963818}
  m_RootOrder: 1
  m_LocalEulerAnglesHint: {x: 0, y: 0, z: 0}
--- !u!4 &4984315727933422
Transform:
  m_ObjectHideFlags: 1
  m_PrefabParentObject: {fileID: 0}
  m_PrefabInternal: {fileID: 100100000}
  m_GameObject: {fileID: 1545568434832028}
  m_LocalRotation: {x: 0, y: -6.3108872e-30, z: 3.392102e-29, w: 1}
  m_LocalPosition: {x: -0, y: 13.641829, z: -0.000000012089146}
  m_LocalScale: {x: 1, y: 1, z: 1}
  m_Children:
  - {fileID: 4304822808504158}
  - {fileID: 4737301091538082}
  - {fileID: 4522502252981234}
  m_Father: {fileID: 4496813797214302}
  m_RootOrder: 0
  m_LocalEulerAnglesHint: {x: 0, y: 0, z: 0}
--- !u!4 &4986212688788080
Transform:
  m_ObjectHideFlags: 1
  m_PrefabParentObject: {fileID: 0}
  m_PrefabInternal: {fileID: 100100000}
  m_GameObject: {fileID: 1115679918585292}
  m_LocalRotation: {x: 0.000009500062, y: -0.0007984791, z: -0.06798507, w: 0.997686}
  m_LocalPosition: {x: 0.2191281, y: 3.8897786, z: 0.000000060349244}
  m_LocalScale: {x: 1, y: 1, z: 1}
  m_Children:
  - {fileID: 4189530542205844}
  m_Father: {fileID: 4915811173107410}
  m_RootOrder: 0
  m_LocalEulerAnglesHint: {x: 0, y: 0, z: 0}
--- !u!4 &4999598470412022
Transform:
  m_ObjectHideFlags: 1
  m_PrefabParentObject: {fileID: 0}
  m_PrefabInternal: {fileID: 100100000}
  m_GameObject: {fileID: 1104534210446642}
  m_LocalRotation: {x: 0.20823963, y: 0.08645186, z: 0.2263782, w: 0.9475839}
  m_LocalPosition: {x: -3.4051313, y: 3.9220486, z: 2.4812899}
  m_LocalScale: {x: 1, y: 1, z: 1}
  m_Children:
  - {fileID: 4174262689724486}
  m_Father: {fileID: 4415779033499224}
  m_RootOrder: 3
  m_LocalEulerAnglesHint: {x: 0, y: 0, z: 0}
--- !u!54 &54257701007800146
Rigidbody:
  m_ObjectHideFlags: 1
  m_PrefabParentObject: {fileID: 0}
  m_PrefabInternal: {fileID: 100100000}
  m_GameObject: {fileID: 1614099052367614}
  serializedVersion: 2
  m_Mass: 1
  m_Drag: 0
  m_AngularDrag: 0.05
  m_UseGravity: 1
  m_IsKinematic: 1
  m_Interpolate: 0
  m_Constraints: 112
  m_CollisionDetection: 0
--- !u!95 &95037264116089786
Animator:
  serializedVersion: 3
  m_ObjectHideFlags: 1
  m_PrefabParentObject: {fileID: 0}
  m_PrefabInternal: {fileID: 100100000}
  m_GameObject: {fileID: 1614099052367614}
  m_Enabled: 1
  m_Avatar: {fileID: 9000000, guid: b03444dc897f9f24eb4021ffcfa4fbcf, type: 3}
  m_Controller: {fileID: 9100000, guid: 251206b19731fe34eb725c412d648f4c, type: 2}
  m_CullingMode: 1
  m_UpdateMode: 0
  m_ApplyRootMotion: 1
  m_LinearVelocityBlending: 0
  m_WarningMessage: 
  m_HasTransformHierarchy: 1
  m_AllowConstantClipSamplingOptimization: 1
--- !u!114 &114388187837804104
MonoBehaviour:
  m_ObjectHideFlags: 1
  m_PrefabParentObject: {fileID: 0}
  m_PrefabInternal: {fileID: 100100000}
  m_GameObject: {fileID: 1614099052367614}
  m_Enabled: 1
  m_EditorHideFlags: 0
  m_Script: {fileID: 11500000, guid: 18bb60a2a4d530b41a244acb58d3aea0, type: 3}
  m_Name: 
  m_EditorClassIdentifier: 
  mezzo: {fileID: 0}
  carStopped: 0
  uscitaCompletata: 0
  path:
  - {fileID: 0}
  - {fileID: 0}
  - {fileID: 0}
  - {fileID: 0}
  ritardoUscitaMezzo: 4
  delayDopoDiscesaDalMezzo: 0.1
  idrante: {fileID: 0}
  Coil: {fileID: 0}
  forbici: {fileID: 0}
  mano: {fileID: 4665327259616368}
  NPCComponente: {fileID: 0}
  pianoCamionVF: {fileID: 0}
  hoseToCamion: {fileID: 0}
  PianoPosteriore: {fileID: 0}
  ritardoTraslazione: 1
--- !u!114 &114451012343360362
MonoBehaviour:
  m_ObjectHideFlags: 1
  m_PrefabParentObject: {fileID: 0}
  m_PrefabInternal: {fileID: 100100000}
  m_GameObject: {fileID: 1614099052367614}
  m_Enabled: 1
  m_EditorHideFlags: 0
  m_Script: {fileID: -1768714887, guid: dc443db3e92b4983b9738c1131f555cb, type: 3}
  m_Name: 
  m_EditorClassIdentifier: 
  m_TransformSyncMode: 1
  m_SendInterval: 0.1
  m_SyncRotationAxis: 7
  m_RotationSyncCompression: 0
  m_SyncSpin: 0
  m_MovementTheshold: 0.001
  m_VelocityThreshold: 0.0001
  m_SnapThreshold: 5
  m_InterpolateRotation: 1
  m_InterpolateMovement: 1
--- !u!114 &114743910646745396
MonoBehaviour:
  m_ObjectHideFlags: 1
  m_PrefabParentObject: {fileID: 0}
  m_PrefabInternal: {fileID: 100100000}
  m_GameObject: {fileID: 1614099052367614}
  m_Enabled: 1
  m_EditorHideFlags: 0
  m_Script: {fileID: 372142912, guid: dc443db3e92b4983b9738c1131f555cb, type: 3}
  m_Name: 
  m_EditorClassIdentifier: 
  m_SceneId:
    m_Value: 0
  m_AssetId:
    i0: 196
    i1: 215
    i2: 67
    i3: 235
    i4: 27
    i5: 155
    i6: 234
    i7: 84
    i8: 90
    i9: 207
    i10: 151
    i11: 28
    i12: 237
    i13: 174
    i14: 223
    i15: 139
  m_ServerOnly: 0
  m_LocalPlayerAuthority: 0
--- !u!114 &114748482762193034
MonoBehaviour:
  m_ObjectHideFlags: 1
  m_PrefabParentObject: {fileID: 0}
  m_PrefabInternal: {fileID: 100100000}
  m_GameObject: {fileID: 1614099052367614}
  m_Enabled: 1
  m_EditorHideFlags: 0
  m_Script: {fileID: 11500000, guid: 541009de948ae5646b0c1658692cab51, type: 3}
  m_Name: 
  m_EditorClassIdentifier: 
  FakelocalPosition: {x: 0, y: 0, z: 0}
  IgnoreFakelocalPosition: 0
  Genitore: {fileID: 0}
  forceRotation: 0
--- !u!114 &114786806570737336
MonoBehaviour:
  m_ObjectHideFlags: 1
  m_PrefabParentObject: {fileID: 0}
  m_PrefabInternal: {fileID: 100100000}
  m_GameObject: {fileID: 1614099052367614}
  m_Enabled: 1
  m_EditorHideFlags: 0
  m_Script: {fileID: 11500000, guid: f064146570e822649b32c000d4f9ec47, type: 3}
  m_Name: 
  m_EditorClassIdentifier: 
--- !u!114 &114962275864151972
MonoBehaviour:
  m_ObjectHideFlags: 1
  m_PrefabParentObject: {fileID: 0}
  m_PrefabInternal: {fileID: 100100000}
  m_GameObject: {fileID: 1614099052367614}
  m_Enabled: 1
  m_EditorHideFlags: 0
  m_Script: {fileID: 11500000, guid: ce7a80d520cacc042b5fe14f373d8173, type: 3}
  m_Name: 
  m_EditorClassIdentifier: 
  m_MovingTurnSpeed: 360
  m_StationaryTurnSpeed: 180
  m_JumpPower: 6
  m_GravityMultiplier: 2
  m_RunCycleLegOffset: 0.2
  m_MoveSpeedMultiplier: 1
  m_AnimSpeedMultiplier: 1
  m_GroundCheckDistance: 0.2
--- !u!136 &136700911706524694
CapsuleCollider:
  m_ObjectHideFlags: 1
  m_PrefabParentObject: {fileID: 0}
  m_PrefabInternal: {fileID: 100100000}
  m_GameObject: {fileID: 1614099052367614}
  m_Material: {fileID: 0}
  m_IsTrigger: 0
  m_Enabled: 1
  m_Radius: 0.5
  m_Height: 1
  m_Direction: 1
  m_Center: {x: 0, y: 0, z: 0}
--- !u!137 &137727632104595798
SkinnedMeshRenderer:
  m_ObjectHideFlags: 1
  m_PrefabParentObject: {fileID: 0}
  m_PrefabInternal: {fileID: 100100000}
  m_GameObject: {fileID: 1730128692026874}
  m_Enabled: 1
  m_CastShadows: 1
  m_ReceiveShadows: 1
  m_MotionVectors: 1
  m_LightProbeUsage: 1
  m_ReflectionProbeUsage: 1
  m_Materials:
  - {fileID: 2100000, guid: 172f8b47d81f41b46a19c1403b45b0a6, type: 2}
  m_StaticBatchInfo:
    firstSubMesh: 0
    subMeshCount: 0
  m_StaticBatchRoot: {fileID: 0}
  m_ProbeAnchor: {fileID: 0}
  m_LightProbeVolumeOverride: {fileID: 0}
  m_ScaleInLightmap: 1
  m_PreserveUVs: 0
  m_IgnoreNormalsForChartDetection: 0
  m_ImportantGI: 0
  m_SelectedEditorRenderState: 3
  m_MinimumChartSize: 4
  m_AutoUVMaxDistance: 0.5
  m_AutoUVMaxAngle: 89
  m_LightmapParameters: {fileID: 0}
  m_SortingLayerID: 0
  m_SortingLayer: 0
  m_SortingOrder: 0
  serializedVersion: 2
  m_Quality: 0
  m_UpdateWhenOffscreen: 0
  m_SkinnedMotionVectors: 1
  m_Mesh: {fileID: 4300000, guid: b03444dc897f9f24eb4021ffcfa4fbcf, type: 3}
  m_Bones:
  - {fileID: 4258505859924722}
  - {fileID: 4984315727933422}
  - {fileID: 4737301091538082}
  - {fileID: 4304822808504158}
  - {fileID: 4522502252981234}
  - {fileID: 4851899900704540}
  - {fileID: 4344115610575522}
  - {fileID: 4496813797214302}
  - {fileID: 4698506374758228}
  - {fileID: 4125670430916414}
  - {fileID: 4830687554796674}
  - {fileID: 4645926378288728}
  - {fileID: 4630853026233078}
  - {fileID: 4173240905873734}
  - {fileID: 4301026948248072}
  - {fileID: 4646342741506854}
  - {fileID: 4415779033499224}
  - {fileID: 4999598470412022}
  - {fileID: 4039018877963818}
  - {fileID: 4944741695630256}
  - {fileID: 4915811173107410}
  - {fileID: 4564828361842664}
  - {fileID: 4030385361706386}
  - {fileID: 4223283877721548}
  - {fileID: 4809072432177332}
  - {fileID: 4030579587622188}
  - {fileID: 4403300482916304}
  - {fileID: 4514231153998060}
  - {fileID: 4475269435499680}
  - {fileID: 4091101901549018}
  - {fileID: 4230953245707770}
  - {fileID: 4446422305998080}
  - {fileID: 4174262689724486}
  - {fileID: 4765079626453852}
  - {fileID: 4574564280552776}
  - {fileID: 4291170140463206}
  - {fileID: 4673658132815314}
  - {fileID: 4451089675283906}
  - {fileID: 4621239414174434}
  - {fileID: 4986212688788080}
  - {fileID: 4189530542205844}
  - {fileID: 4268607207811352}
  - {fileID: 4350237936881056}
  - {fileID: 4370321473282696}
  - {fileID: 4014130177579308}
  - {fileID: 4365871965345210}
  m_BlendShapeWeights: []
  m_RootBone: {fileID: 4125670430916414}
  m_AABB:
    m_Center: {x: -0.09555435, y: -14.812065, z: 3.6108341}
    m_Extent: {x: 96.97679, y: 101.12614, z: 32.59031}
  m_DirtyAABB: 0
--- !u!195 &195348053300960134
NavMeshAgent:
  m_ObjectHideFlags: 1
  m_PrefabParentObject: {fileID: 0}
  m_PrefabInternal: {fileID: 100100000}
  m_GameObject: {fileID: 1614099052367614}
  m_Enabled: 0
  m_AgentTypeID: 0
  m_Radius: 0.35
  m_Speed: 3.5
  m_Acceleration: 8
  avoidancePriority: 50
  m_AngularSpeed: 120
  m_StoppingDistance: 0
  m_AutoTraverseOffMeshLink: 1
  m_AutoBraking: 1
  m_AutoRepath: 1
  m_Height: 1.8
  m_BaseOffset: 0.8
  m_WalkableMask: 4294967295
  m_ObstacleAvoidanceType: 4
