%YAML 1.1
%TAG !u! tag:unity3d.com,2011:
--- !u!1001 &100100000
Prefab:
  m_ObjectHideFlags: 1
  serializedVersion: 2
  m_Modification:
    m_TransformParent: {fileID: 0}
    m_Modifications: []
    m_RemovedComponents: []
  m_ParentPrefab: {fileID: 0}
  m_RootGameObject: {fileID: 1224179435889640}
  m_IsPrefabParent: 1
--- !u!1 &1144415641776752
GameObject:
  m_ObjectHideFlags: 1
  m_PrefabParentObject: {fileID: 0}
  m_PrefabInternal: {fileID: 100100000}
  serializedVersion: 5
  m_Component:
  - component: {fileID: 4347067560980988}
  m_Layer: 0
  m_Name: mixamorig_RightHand
  m_TagString: Untagged
  m_Icon: {fileID: 0}
  m_NavMeshLayer: 0
  m_StaticEditorFlags: 0
  m_IsActive: 1
--- !u!1 &1224179435889640
GameObject:
  m_ObjectHideFlags: 0
  m_PrefabParentObject: {fileID: 0}
  m_PrefabInternal: {fileID: 100100000}
  serializedVersion: 5
  m_Component:
  - component: {fileID: 4028570910562794}
  - component: {fileID: 95807215999854408}
  m_Layer: 0
  m_Name: ManoDXNoController(GrabAnimation)
  m_TagString: Untagged
  m_Icon: {fileID: 0}
  m_NavMeshLayer: 0
  m_StaticEditorFlags: 0
  m_IsActive: 1
--- !u!1 &1324896318680232
GameObject:
  m_ObjectHideFlags: 1
  m_PrefabParentObject: {fileID: 0}
  m_PrefabInternal: {fileID: 100100000}
  serializedVersion: 5
  m_Component:
  - component: {fileID: 4815834621863268}
  m_Layer: 0
  m_Name: mixamorig_RightHandIndex1
  m_TagString: Untagged
  m_Icon: {fileID: 0}
  m_NavMeshLayer: 0
  m_StaticEditorFlags: 0
  m_IsActive: 1
--- !u!1 &1325013043789682
GameObject:
  m_ObjectHideFlags: 1
  m_PrefabParentObject: {fileID: 0}
  m_PrefabInternal: {fileID: 100100000}
  serializedVersion: 5
  m_Component:
  - component: {fileID: 4008280671486598}
  m_Layer: 0
  m_Name: mixamorig_RightHandThumb2
  m_TagString: Untagged
  m_Icon: {fileID: 0}
  m_NavMeshLayer: 0
  m_StaticEditorFlags: 0
  m_IsActive: 1
--- !u!1 &1352753379049124
GameObject:
  m_ObjectHideFlags: 1
  m_PrefabParentObject: {fileID: 0}
  m_PrefabInternal: {fileID: 100100000}
  serializedVersion: 5
  m_Component:
  - component: {fileID: 4015286607154402}
  m_Layer: 0
  m_Name: mixamorig_RightHandIndex4
  m_TagString: Untagged
  m_Icon: {fileID: 0}
  m_NavMeshLayer: 0
  m_StaticEditorFlags: 0
  m_IsActive: 1
--- !u!1 &1386671624419908
GameObject:
  m_ObjectHideFlags: 1
  m_PrefabParentObject: {fileID: 0}
  m_PrefabInternal: {fileID: 100100000}
  serializedVersion: 5
  m_Component:
  - component: {fileID: 4552253515827476}
  m_Layer: 0
  m_Name: mixamorig_RightHandThumb1
  m_TagString: Untagged
  m_Icon: {fileID: 0}
  m_NavMeshLayer: 0
  m_StaticEditorFlags: 0
  m_IsActive: 1
--- !u!1 &1443530299741964
GameObject:
  m_ObjectHideFlags: 0
  m_PrefabParentObject: {fileID: 0}
  m_PrefabInternal: {fileID: 100100000}
  serializedVersion: 5
  m_Component:
  - component: {fileID: 4714792783254386}
  - component: {fileID: 137136556147015686}
  m_Layer: 0
  m_Name: ManoDX
  m_TagString: Untagged
  m_Icon: {fileID: 0}
  m_NavMeshLayer: 0
  m_StaticEditorFlags: 0
  m_IsActive: 1
--- !u!1 &1459791102781640
GameObject:
  m_ObjectHideFlags: 1
  m_PrefabParentObject: {fileID: 0}
  m_PrefabInternal: {fileID: 100100000}
  serializedVersion: 5
  m_Component:
  - component: {fileID: 4256595427968966}
  m_Layer: 0
  m_Name: mixamorig_RightHandRing3
  m_TagString: Untagged
  m_Icon: {fileID: 0}
  m_NavMeshLayer: 0
  m_StaticEditorFlags: 0
  m_IsActive: 1
--- !u!1 &1489005911614648
GameObject:
  m_ObjectHideFlags: 1
  m_PrefabParentObject: {fileID: 0}
  m_PrefabInternal: {fileID: 100100000}
  serializedVersion: 5
  m_Component:
  - component: {fileID: 4675192897990322}
  m_Layer: 0
  m_Name: mixamorig_RightHandRing2
  m_TagString: Untagged
  m_Icon: {fileID: 0}
  m_NavMeshLayer: 0
  m_StaticEditorFlags: 0
  m_IsActive: 1
--- !u!1 &1546294186280490
GameObject:
  m_ObjectHideFlags: 1
  m_PrefabParentObject: {fileID: 0}
  m_PrefabInternal: {fileID: 100100000}
  serializedVersion: 5
  m_Component:
  - component: {fileID: 4108913762650346}
  m_Layer: 0
  m_Name: mixamorig_RightHandIndex2
  m_TagString: Untagged
  m_Icon: {fileID: 0}
  m_NavMeshLayer: 0
  m_StaticEditorFlags: 0
  m_IsActive: 1
--- !u!1 &1582942165923876
GameObject:
  m_ObjectHideFlags: 0
  m_PrefabParentObject: {fileID: 0}
  m_PrefabInternal: {fileID: 100100000}
  serializedVersion: 5
  m_Component:
  - component: {fileID: 4067663957437340}
  m_Layer: 0
  m_Name: ArmatureDX
  m_TagString: Untagged
  m_Icon: {fileID: 0}
  m_NavMeshLayer: 0
  m_StaticEditorFlags: 0
  m_IsActive: 1
--- !u!1 &1666691067600566
GameObject:
  m_ObjectHideFlags: 1
  m_PrefabParentObject: {fileID: 0}
  m_PrefabInternal: {fileID: 100100000}
  serializedVersion: 5
  m_Component:
  - component: {fileID: 4916496547938154}
  m_Layer: 0
  m_Name: mixamorig_RightHandRing1
  m_TagString: Untagged
  m_Icon: {fileID: 0}
  m_NavMeshLayer: 0
  m_StaticEditorFlags: 0
  m_IsActive: 1
--- !u!1 &1674771177782516
GameObject:
  m_ObjectHideFlags: 1
  m_PrefabParentObject: {fileID: 0}
  m_PrefabInternal: {fileID: 100100000}
  serializedVersion: 5
  m_Component:
  - component: {fileID: 4134718673425870}
  m_Layer: 0
  m_Name: mixamorig_LeftHandThumb5
  m_TagString: Untagged
  m_Icon: {fileID: 0}
  m_NavMeshLayer: 0
  m_StaticEditorFlags: 0
  m_IsActive: 1
--- !u!1 &1751305253094988
GameObject:
  m_ObjectHideFlags: 1
  m_PrefabParentObject: {fileID: 0}
  m_PrefabInternal: {fileID: 100100000}
  serializedVersion: 5
  m_Component:
  - component: {fileID: 4468493981909348}
  m_Layer: 0
  m_Name: mixamorig_RightHandRing4
  m_TagString: Untagged
  m_Icon: {fileID: 0}
  m_NavMeshLayer: 0
  m_StaticEditorFlags: 0
  m_IsActive: 1
--- !u!1 &1927778261550264
GameObject:
  m_ObjectHideFlags: 1
  m_PrefabParentObject: {fileID: 0}
  m_PrefabInternal: {fileID: 100100000}
  serializedVersion: 5
  m_Component:
  - component: {fileID: 4364093220546570}
  m_Layer: 0
  m_Name: mixamorig_RightHandThumb3
  m_TagString: Untagged
  m_Icon: {fileID: 0}
  m_NavMeshLayer: 0
  m_StaticEditorFlags: 0
  m_IsActive: 1
--- !u!1 &1944881599210566
GameObject:
  m_ObjectHideFlags: 1
  m_PrefabParentObject: {fileID: 0}
  m_PrefabInternal: {fileID: 100100000}
  serializedVersion: 5
  m_Component:
  - component: {fileID: 4407426139352752}
  m_Layer: 0
  m_Name: mixamorig_RightHandIndex3
  m_TagString: Untagged
  m_Icon: {fileID: 0}
  m_NavMeshLayer: 0
  m_StaticEditorFlags: 0
  m_IsActive: 1
--- !u!4 &4008280671486598
Transform:
  m_ObjectHideFlags: 1
  m_PrefabParentObject: {fileID: 0}
  m_PrefabInternal: {fileID: 100100000}
  m_GameObject: {fileID: 1325013043789682}
  m_LocalRotation: {x: -0.17583613, y: 0.01636088, z: 0.14501922, w: 0.9735417}
  m_LocalPosition: {x: -0.047138702, y: 0.0036231438, z: 0.000030775554}
  m_LocalScale: {x: 0.9999999, y: 0.9999998, z: 0.99999976}
  m_Children:
  - {fileID: 4364093220546570}
  m_Father: {fileID: 4552253515827476}
  m_RootOrder: 0
  m_LocalEulerAnglesHint: {x: 0, y: 0, z: 0}
--- !u!4 &4015286607154402
Transform:
  m_ObjectHideFlags: 1
  m_PrefabParentObject: {fileID: 0}
  m_PrefabInternal: {fileID: 100100000}
  m_GameObject: {fileID: 1352753379049124}
  m_LocalRotation: {x: -0.00000050663954, y: 0.00000025797635, z: -0.000000020488967,
    w: 1}
  m_LocalPosition: {x: -0.030669348, y: -0.000112769194, z: -0.000000067288056}
  m_LocalScale: {x: 1, y: 0.99999994, z: 1}
  m_Children: []
  m_Father: {fileID: 4407426139352752}
  m_RootOrder: 0
  m_LocalEulerAnglesHint: {x: 0, y: 0, z: 0}
--- !u!4 &4028570910562794
Transform:
  m_ObjectHideFlags: 1
  m_PrefabParentObject: {fileID: 0}
  m_PrefabInternal: {fileID: 100100000}
  m_GameObject: {fileID: 1224179435889640}
  m_LocalRotation: {x: 0, y: 1, z: 0, w: 0}
  m_LocalPosition: {x: 0, y: 0, z: -0.2}
  m_LocalScale: {x: 0.9, y: 0.9, z: 0.9}
  m_Children:
  - {fileID: 4067663957437340}
  - {fileID: 4714792783254386}
  m_Father: {fileID: 0}
  m_RootOrder: 0
  m_LocalEulerAnglesHint: {x: 0, y: 180, z: 0}
--- !u!4 &4067663957437340
Transform:
  m_ObjectHideFlags: 1
  m_PrefabParentObject: {fileID: 0}
  m_PrefabInternal: {fileID: 100100000}
  m_GameObject: {fileID: 1582942165923876}
  m_LocalRotation: {x: 4.3297806e-17, y: -0.7071068, z: 0.7071068, w: -4.3297806e-17}
  m_LocalPosition: {x: -0, y: 0, z: 0}
  m_LocalScale: {x: -1, y: -1, z: -1}
  m_Children:
  - {fileID: 4347067560980988}
  m_Father: {fileID: 4028570910562794}
  m_RootOrder: 0
  m_LocalEulerAnglesHint: {x: 0, y: 0, z: 0}
--- !u!4 &4108913762650346
Transform:
  m_ObjectHideFlags: 1
  m_PrefabParentObject: {fileID: 0}
  m_PrefabInternal: {fileID: 100100000}
  m_GameObject: {fileID: 1546294186280490}
  m_LocalRotation: {x: -0.021822335, y: 0.16188201, z: 0.021819137, w: 0.9863275}
  m_LocalPosition: {x: -0.038783833, y: 0.00012895488, z: 0.000004466623}
  m_LocalScale: {x: 1, y: 1, z: 0.99999994}
  m_Children:
  - {fileID: 4407426139352752}
  m_Father: {fileID: 4815834621863268}
  m_RootOrder: 0
  m_LocalEulerAnglesHint: {x: 0, y: 0, z: 0}
--- !u!4 &4134718673425870
Transform:
  m_ObjectHideFlags: 1
  m_PrefabParentObject: {fileID: 0}
  m_PrefabInternal: {fileID: 100100000}
  m_GameObject: {fileID: 1674771177782516}
  m_LocalRotation: {x: 0.00000071898097, y: -0.0000003427266, z: 0.00000015646245,
    w: 1}
  m_LocalPosition: {x: -0.034450896, y: -0.00085802656, z: 0.000000040745363}
  m_LocalScale: {x: 1, y: 1.0000001, z: 1}
  m_Children: []
  m_Father: {fileID: 4364093220546570}
  m_RootOrder: 0
  m_LocalEulerAnglesHint: {x: 0, y: 0, z: 0}
--- !u!4 &4256595427968966
Transform:
  m_ObjectHideFlags: 1
  m_PrefabParentObject: {fileID: 0}
  m_PrefabInternal: {fileID: 100100000}
  m_GameObject: {fileID: 1459791102781640}
  m_LocalRotation: {x: 0.013927853, y: 0.13458288, z: 0.013232676, w: 0.9907161}
  m_LocalPosition: {x: -0.031075204, y: 0.00034219422, z: -0.0000034269979}
  m_LocalScale: {x: 1.0000001, y: 1, z: 1.0000001}
  m_Children:
  - {fileID: 4468493981909348}
  m_Father: {fileID: 4675192897990322}
  m_RootOrder: 0
  m_LocalEulerAnglesHint: {x: 0, y: 0, z: 0}
--- !u!4 &4347067560980988
Transform:
  m_ObjectHideFlags: 1
  m_PrefabParentObject: {fileID: 0}
  m_PrefabInternal: {fileID: 100100000}
  m_GameObject: {fileID: 1144415641776752}
  m_LocalRotation: {x: 0.71003205, y: 0.6969573, z: 0.10012059, w: 0.008998089}
  m_LocalPosition: {x: 0.0046096607, y: -0.051183578, z: 0.002524376}
  m_LocalScale: {x: 0.9999999, y: 0.9999998, z: 0.9999778}
  m_Children:
  - {fileID: 4815834621863268}
  - {fileID: 4916496547938154}
  - {fileID: 4552253515827476}
  m_Father: {fileID: 4067663957437340}
  m_RootOrder: 0
  m_LocalEulerAnglesHint: {x: 0, y: 0, z: 0}
--- !u!4 &4364093220546570
Transform:
  m_ObjectHideFlags: 1
  m_PrefabParentObject: {fileID: 0}
  m_PrefabInternal: {fileID: 100100000}
  m_GameObject: {fileID: 1927778261550264}
  m_LocalRotation: {x: -0.07180876, y: -0.012494117, z: 0.021615617, w: 0.9971059}
  m_LocalPosition: {x: -0.04355961, y: -0.0027641244, z: -0.000026807538}
  m_LocalScale: {x: 1.0000001, y: 0.99999994, z: 1.0000002}
  m_Children:
  - {fileID: 4134718673425870}
  m_Father: {fileID: 4008280671486598}
  m_RootOrder: 0
  m_LocalEulerAnglesHint: {x: 0, y: 0, z: 0}
--- !u!4 &4407426139352752
Transform:
  m_ObjectHideFlags: 1
  m_PrefabParentObject: {fileID: 0}
  m_PrefabInternal: {fileID: 100100000}
  m_GameObject: {fileID: 1944881599210566}
  m_LocalRotation: {x: -0.021843376, y: 0.122395776, z: 0.042490356, w: 0.9913308}
  m_LocalPosition: {x: -0.034034986, y: -0.000019383617, z: 0.000011265045}
  m_LocalScale: {x: 1, y: 0.9999999, z: 0.9999999}
  m_Children:
  - {fileID: 4015286607154402}
  m_Father: {fileID: 4108913762650346}
  m_RootOrder: 0
  m_LocalEulerAnglesHint: {x: 0, y: 0, z: 0}
--- !u!4 &4468493981909348
Transform:
  m_ObjectHideFlags: 1
  m_PrefabParentObject: {fileID: 0}
  m_PrefabInternal: {fileID: 100100000}
  m_GameObject: {fileID: 1751305253094988}
  m_LocalRotation: {x: 0.0000017406414, y: -0.0000013485553, z: -0.00000013597075,
    w: 1}
  m_LocalPosition: {x: -0.0364572, y: -0.001012574, z: -0.00000009732321}
  m_LocalScale: {x: 1, y: 1.0000001, z: 1}
  m_Children: []
  m_Father: {fileID: 4256595427968966}
  m_RootOrder: 0
  m_LocalEulerAnglesHint: {x: 0, y: 0, z: 0}
--- !u!4 &4552253515827476
Transform:
  m_ObjectHideFlags: 1
  m_PrefabParentObject: {fileID: 0}
  m_PrefabInternal: {fileID: 100100000}
  m_GameObject: {fileID: 1386671624419908}
  m_LocalRotation: {x: 0.2040411, y: 0.09226104, z: -0.306816, w: 0.92505085}
  m_LocalPosition: {x: -0.035223722, y: 0.033091895, z: 0.021224812}
  m_LocalScale: {x: 1.0000001, y: 0.99999994, z: 0.99999976}
  m_Children:
  - {fileID: 4008280671486598}
  m_Father: {fileID: 4347067560980988}
  m_RootOrder: 2
  m_LocalEulerAnglesHint: {x: 0, y: 0, z: 0}
--- !u!4 &4675192897990322
Transform:
  m_ObjectHideFlags: 1
  m_PrefabParentObject: {fileID: 0}
  m_PrefabInternal: {fileID: 100100000}
  m_GameObject: {fileID: 1489005911614648}
  m_LocalRotation: {x: 0.027273417, y: 0.28338447, z: 0.04641007, w: 0.9574944}
  m_LocalPosition: {x: -0.037695833, y: 0.0006701953, z: -0.0000132250425}
  m_LocalScale: {x: 0.9999997, y: 0.9999999, z: 0.9999998}
  m_Children:
  - {fileID: 4256595427968966}
  m_Father: {fileID: 4916496547938154}
  m_RootOrder: 0
  m_LocalEulerAnglesHint: {x: 0, y: 0, z: 0}
--- !u!4 &4714792783254386
Transform:
  m_ObjectHideFlags: 1
  m_PrefabParentObject: {fileID: 0}
  m_PrefabInternal: {fileID: 100100000}
  m_GameObject: {fileID: 1443530299741964}
  m_LocalRotation: {x: 0, y: -0, z: -0, w: 1}
  m_LocalPosition: {x: -0, y: 0, z: 0}
  m_LocalScale: {x: 1, y: 1, z: 1}
  m_Children: []
  m_Father: {fileID: 4028570910562794}
  m_RootOrder: 1
  m_LocalEulerAnglesHint: {x: 0, y: 0, z: 0}
--- !u!4 &4815834621863268
Transform:
  m_ObjectHideFlags: 1
  m_PrefabParentObject: {fileID: 0}
  m_PrefabInternal: {fileID: 100100000}
  m_GameObject: {fileID: 1324896318680232}
  m_LocalRotation: {x: 0.026824255, y: 0.07424675, z: -0.1177206, w: 0.9899039}
  m_LocalPosition: {x: -0.11942808, y: 0.0384701, z: 0.0013694656}
  m_LocalScale: {x: 1.0000002, y: 1.0000001, z: 1}
  m_Children:
  - {fileID: 4108913762650346}
  m_Father: {fileID: 4347067560980988}
  m_RootOrder: 0
  m_LocalEulerAnglesHint: {x: 0, y: 0, z: 0}
--- !u!4 &4916496547938154
Transform:
  m_ObjectHideFlags: 1
  m_PrefabParentObject: {fileID: 0}
  m_PrefabInternal: {fileID: 100100000}
  m_GameObject: {fileID: 1666691067600566}
  m_LocalRotation: {x: -0.013079934, y: 0.11156201, z: -0.07193173, w: 0.9910644}
  m_LocalPosition: {x: -0.12057079, y: -0.012808922, z: -0.00017054647}
  m_LocalScale: {x: 1.0000001, y: 1.0000001, z: 1}
  m_Children:
  - {fileID: 4675192897990322}
  m_Father: {fileID: 4347067560980988}
  m_RootOrder: 1
  m_LocalEulerAnglesHint: {x: 0, y: 0, z: 0}
--- !u!95 &95807215999854408
Animator:
  serializedVersion: 3
  m_ObjectHideFlags: 1
  m_PrefabParentObject: {fileID: 0}
  m_PrefabInternal: {fileID: 100100000}
  m_GameObject: {fileID: 1224179435889640}
  m_Enabled: 1
  m_Avatar: {fileID: 9000000, guid: c4a83f3cf9c28f747a5bced3a3edf4c8, type: 3}
  m_Controller: {fileID: 9100000, guid: c2182f9a91f274447ad3bfa1c5a402ff, type: 2}
  m_CullingMode: 1
  m_UpdateMode: 0
  m_ApplyRootMotion: 0
  m_LinearVelocityBlending: 0
  m_WarningMessage: 
  m_HasTransformHierarchy: 1
  m_AllowConstantClipSamplingOptimization: 1
--- !u!137 &137136556147015686
SkinnedMeshRenderer:
  m_ObjectHideFlags: 1
  m_PrefabParentObject: {fileID: 0}
  m_PrefabInternal: {fileID: 100100000}
  m_GameObject: {fileID: 1443530299741964}
  m_Enabled: 1
  m_CastShadows: 1
  m_ReceiveShadows: 1
  m_MotionVectors: 1
  m_LightProbeUsage: 1
  m_ReflectionProbeUsage: 1
  m_Materials:
  - {fileID: 2100000, guid: 24f3857c185e94742b6cb768f7513eb2, type: 2}
  m_StaticBatchInfo:
    firstSubMesh: 0
    subMeshCount: 0
  m_StaticBatchRoot: {fileID: 0}
  m_ProbeAnchor: {fileID: 0}
  m_LightProbeVolumeOverride: {fileID: 0}
  m_ScaleInLightmap: 1
  m_PreserveUVs: 0
  m_IgnoreNormalsForChartDetection: 0
  m_ImportantGI: 0
  m_SelectedEditorRenderState: 3
  m_MinimumChartSize: 4
  m_AutoUVMaxDistance: 0.5
  m_AutoUVMaxAngle: 89
  m_LightmapParameters: {fileID: 0}
  m_SortingLayerID: 0
  m_SortingLayer: 0
  m_SortingOrder: 0
  serializedVersion: 2
  m_Quality: 0
  m_UpdateWhenOffscreen: 0
  m_SkinnedMotionVectors: 1
  m_Mesh: {fileID: 4300002, guid: c4a83f3cf9c28f747a5bced3a3edf4c8, type: 3}
  m_Bones:
  - {fileID: 4347067560980988}
  - {fileID: 4552253515827476}
  - {fileID: 4008280671486598}
  - {fileID: 4364093220546570}
  - {fileID: 4134718673425870}
  - {fileID: 4815834621863268}
  - {fileID: 4108913762650346}
  - {fileID: 4407426139352752}
  - {fileID: 4015286607154402}
  - {fileID: 4916496547938154}
  - {fileID: 4675192897990322}
  - {fileID: 4256595427968966}
  - {fileID: 4468493981909348}
  m_BlendShapeWeights: []
  m_RootBone: {fileID: 4347067560980988}
  m_AABB:
    m_Center: {x: -0.078473955, y: 0.018861465, z: -0.0032554679}
    m_Extent: {x: 0.14665642, y: 0.119854145, z: 0.0912274}
  m_DirtyAABB: 0
